@article{bengio2021flow,
  title={Flow network based generative models for non-iterative diverse candidate generation},
  author={Bengio, Emmanuel and Jain, Moksh and Korablyov, Maksym and Precup, Doina and Bengio, Yoshua},
  journal={Advances in Neural Information Processing Systems},
  volume={34},
  pages={27381--27394},
  url={https://arxiv.org/abs/2106.04399},
  year={2021}
}
@article{bengio2021gflownet,
  title={Gflownet foundations},
  author={Bengio, Yoshua and Deleu, Tristan and Hu, Edward J and Lahlou, Salem and Tiwari, Mo and Bengio, Emmanuel},
  journal={arXiv preprint arXiv:2111.09266},
  url={https://arxiv.org/abs/2111.09266},
  year={2021}
}
@article{deleu2023generative,
  title={Generative Flow Networks: a Markov Chain Perspective},
  author={Deleu, Tristan and Bengio, Yoshua},
  journal={arXiv preprint arXiv:2307.01422},
  url={https://arxiv.org/abs/2307.01422},
  year={2023}
}
@article{malkin2022gflownets,
  title={GFlowNets and variational inference},
  author={Malkin, Nikolay and Lahlou, Salem and Deleu, Tristan and Ji, Xu and Hu, Edward and Everett, Katie and Zhang, Dinghuai and Bengio, Yoshua},
  journal={arXiv preprint arXiv:2210.00580},
  url={https://arxiv.org/abs/2210.00580v1},
  year={2022}
}
@article{zhang2022unifying,
  title={Unifying generative models with gflownets},
  author={Zhang, Dinghuai and Chen, Ricky TQ and Malkin, Nikolay and Bengio, Yoshua},
  journal={arXiv preprint arXiv:2209.02606},
  url={https://arxiv.org/abs/2209.02606},
  year={2022}
}
@article{zhu2023sample,
  title={Sample-efficient Multi-objective Molecular Optimization with GFlowNets},
  author={Zhu, Yiheng and Wu, Jialu and Hu, Chaowen and Yan, Jiahuan and Hsieh, Chang-Yu and Hou, Tingjun and Wu, Jian},
  journal={arXiv preprint arXiv:2302.04040},
  url={https://openreview.net/forum?id=ztgT8Iok130},
  year={2023}
}
@inproceedings{jain2023multi,
  title={Multi-objective gflownets},
  author={Jain, Moksh and Raparthy, Sharath Chandra and Hern{\'a}ndez-Garcia, Alex and Rector-Brooks, Jarrid and Bengio, Yoshua and Miret, Santiago and Bengio, Emmanuel},
  booktitle={International Conference on Machine Learning},
  pages={14631--14653},
  year={2023},
  url={https://arxiv.org/abs/2210.12765},
  organization={PMLR}
}
@inproceedings{zhang2022generative,
  title={Generative flow networks for discrete probabilistic modeling},
  author={Zhang, Dinghuai and Malkin, Nikolay and Liu, Zhen and Volokhova, Alexandra and Courville, Aaron and Bengio, Yoshua},
  booktitle={International Conference on Machine Learning},
  pages={26412--26428},
  year={2022},
  url={https://arxiv.org/abs/2202.01361},
  organization={PMLR}
}
@article{ekbote2022consistent,
  title={Consistent Training via Energy-Based GFlowNets for Modeling Discrete Joint Distributions},
  author={Ekbote, Chanakya and Jain, Moksh and Das, Payel and Bengio, Yoshua},
  journal={arXiv preprint arXiv:2211.00568},
  url={https://arxiv.org/abs/2211.00568},
  year={2022}
}