@article{mnih2013playing,
title={Playing atari with deep reinforcement learning},
author={Mnih, Volodymyr and Kavukcuoglu, Koray and Silver, David and Graves, Alex and Antonoglou, Ioannis and Wierstra, Daan and Riedmiller, Martin},
journal={arXiv preprint arXiv:1312.5602},
year={2013}
}
@misc{tasfi2016PLE,
author = {Tasfi, Norman},
title = {PyGame Learning Environment},
year = {2016},
publisher = {GitHub},
journal = {GitHub repository},
howpublished = {\url{https://github.com/ntasfi/PyGame-Learning-Environment}}
}
@book{rummery1994line,
title={On-line Q-learning using connectionist systems},
author={Rummery, Gavin A and Niranjan, Mahesan},
volume={37},
year={1994},
publisher={University of Cambridge, Department of Engineering Cambridge, England}
}
@article{schaul2015prioritized,
title={Prioritized experience replay},
author={Schaul, Tom and Quan, John and Antonoglou, Ioannis and Silver, David},
journal={arXiv preprint arXiv:1511.05952},
year={2015}
}
@inproceedings{thodoroff2018temporal,
title={Temporal Regularization for Markov Decision Process},
author={Thodoroff, Pierre and Durand, Audrey and Pineau, Joelle and Precup, Doina},
booktitle={Advances in Neural Information Processing Systems},
pages={1779--1789},
year={2018}
}
@article{schulman2015high,
title={High-dimensional continuous control using generalized advantage estimation},
author={Schulman, John and Moritz, Philipp and Levine, Sergey and Jordan, Michael and Abbeel, Pieter},
journal={arXiv preprint arXiv:1506.02438},
year={2015}
}
@article{jaderberg2016reinforcement,
title={Reinforcement learning with unsupervised auxiliary tasks},
author={Jaderberg, Max and Mnih, Volodymyr and Czarnecki, Wojciech Marian and Schaul, Tom and Leibo, Joel Z and Silver, David and Kavukcuoglu, Koray},
journal={arXiv preprint arXiv:1611.05397},
year={2016}
}
@article{kingma2015adam,
title={Adam: a method for stochastic optimization (2014)},
author={Kingma, Diederik and Ba, Jimmy},
journal={arXiv preprint arXiv:1412.6980},
volume={15},
year={2015}
}
@inproceedings{hardt2016train,
title={Train faster, generalize better: Stability of stochastic gradient descent},
author={Hardt, Moritz and Recht, Ben and Singer, Yoram},
booktitle={International Conference on Machine Learning},
pages={1225--1234},
year={2016}
}
@inproceedings{andrychowicz2017hindsight,
title={Hindsight experience replay},
author={Andrychowicz, Marcin and Wolski, Filip and Ray, Alex and Schneider, Jonas and Fong, Rachel and Welinder, Peter and McGrew, Bob and Tobin, Josh and Abbeel, OpenAI Pieter and Zaremba, Wojciech},
booktitle={Advances in Neural Information Processing Systems},
pages={5048--5058},
year={2017}
}
@article{hinton2012neural,
title={Neural networks for machine learning lecture 6a overview of mini-batch gradient descent},
author={Hinton, Geoffrey and Srivastava, Nitish and Swersky, Kevin},
year={2012},
journal={CSC321}
}

@inproceedings{oh2017zero,
title={Zero-shot task generalization with multi-task deep reinforcement learning},
author={Oh, Junhyuk and Singh, Satinder and Lee, Honglak and Kohli, Pushmeet},
booktitle={Proceedings of the 34th International Conference on Machine Learning-Volume 70},
pages={2661--2670},
year={2017},
organization={JMLR. org}
}
@article{packer2018assessing,
title={Assessing Generalization in Deep Reinforcement Learning},
author={Packer, Charles and Gao, Katelyn and Kos, Jernej and Kr{\"a}henb{\"u}hl, Philipp and Koltun, Vladlen and Song, Dawn},
journal={arXiv preprint arXiv:1810.12282},
year={2018}
}
@article{cobbe2018quantifying,
title={Quantifying generalization in reinforcement learning},
author={Cobbe, Karl and Klimov, Oleg and Hesse, Chris and Kim, Taehoon and Schulman, John},
journal={arXiv preprint arXiv:1812.02341},
year={2018}
}
@article{zhang2018study,
title={A study on overfitting in deep reinforcement learning},
author={Zhang, Chiyuan and Vinyals, Oriol and Munos, Remi and Bengio, Samy},
journal={arXiv preprint arXiv:1804.06893},
year={2018}
}
@article{farebrother2018generalization,
title={Generalization and Regularization in DQN},
author={Farebrother, Jesse and Machado, Marlos C and Bowling, Michael},
journal={arXiv preprint arXiv:1810.00123},
year={2018}
}
@article{penedones2018leakage,
title={Temporal Difference Learning with Neural Networks-Study of the Leakage Propagation Problem},
author={Penedones, Hugo and Vincent, Damien and Maennel, Hartmut and Gelly, Sylvain and Mann, Timothy and Barreto, Andre},
journal={arXiv preprint arXiv:1807.03064},
year={2018}
}
@inproceedings{hessel2018rainbow,
title={Rainbow: Combining improvements in deep reinforcement learning},
author={Hessel, Matteo and Modayil, Joseph and Van Hasselt, Hado and Schaul, Tom and Ostrovski, Georg and Dabney, Will and Horgan, Dan and Piot, Bilal and Azar, Mohammad and Silver, David},
booktitle={Thirty-Second AAAI Conference on Artificial Intelligence},
year={2018}
}
@inproceedings{he2015delving,
title={Delving deep into rectifiers: Surpassing human-level performance on imagenet classification},
author={He, Kaiming and Zhang, Xiangyu and Ren, Shaoqing and Sun, Jian},
booktitle={Proceedings of the IEEE international conference on computer vision},
pages={1026--1034},
year={2015}
}
@inproceedings{li2015convergent,
title={Convergent Learning: Do different neural networks learn the same representations?},
author={Li, Yixuan and Yosinski, Jason and Clune, Jeff and Lipson, Hod and Hopcroft, John E},
booktitle={Advances in neural information processing systems},
pages={196--212},
year={2015}
}
@inproceedings{yosinski2014transferable,
title={How transferable are features in deep neural networks?},
author={Yosinski, Jason and Clune, Jeff and Bengio, Yoshua and Lipson, Hod},
booktitle={Advances in neural information processing systems},
pages={3320--3328},
year={2014}
}
@inproceedings{arpit2017closer,
title={A closer look at memorization in deep networks},
author={Arpit, Devansh and Jastrz{\k{e}}bski, Stanis{\l}aw and Ballas, Nicolas and Krueger, David and Bengio, Emmanuel and Kanwal, Maxinder S and Maharaj, Tegan and Fischer, Asja and Courville, Aaron and Bengio, Yoshua and others},
booktitle={Proceedings of the 34th International Conference on Machine Learning-Volume 70},
pages={233--242},
year={2017},
organization={JMLR. org}
}
@article{ilyas2018deep,
title={Are Deep Policy Gradient Algorithms Truly Policy Gradient Algorithms?},
author={Ilyas, Andrew and Engstrom, Logan and Santurkar, Shibani and Tsipras, Dimitris and Janoos, Firdaus and Rudolph, Larry and Madry, Aleksander},
journal={arXiv preprint arXiv:1811.02553},
year={2018}
}
@article{bellemare2013arcade,
title={The arcade learning environment: An evaluation platform for general agents},
author={Bellemare, Marc G and Naddaf, Yavar and Veness, Joel and Bowling, Michael},
journal={Journal of Artificial Intelligence Research},
volume={47},
pages={253--279},
year={2013}
}
@article{sutton1988learning,
title={Learning to predict by the methods of temporal differences},
author={Sutton, Richard S},
journal={Machine learning},
volume={3},
number={1},
pages={9--44},
year={1988},
publisher={Springer}
}
@article{henderson2018did,
title={Where did my optimum go?: An empirical analysis of gradient descent optimization in policy gradient methods},
author={Henderson, Peter and Romoff, Joshua and Pineau, Joelle},
journal={arXiv preprint arXiv:1810.02525},
year={2018}
}
@article{vinyals2017starcraft,
title={Starcraft ii: A new challenge for reinforcement learning},
author={Vinyals, Oriol and Ewalds, Timo and Bartunov, Sergey and Georgiev, Petko and Vezhnevets, Alexander Sasha and Yeo, Michelle and Makhzani, Alireza and K{\"u}ttler, Heinrich and Agapiou, John and Schrittwieser, Julian and others},
journal={arXiv preprint arXiv:1708.04782},
year={2017}
}
@article{mirowski2016learning,
title={Learning to navigate in complex environments},
author={Mirowski, Piotr and Pascanu, Razvan and Viola, Fabio and Soyer, Hubert and Ballard, Andrew J and Banino, Andrea and Denil, Misha and Goroshin, Ross and Sifre, Laurent and Kavukcuoglu, Koray and others},
journal={arXiv preprint arXiv:1611.03673},
year={2016}
}
@inproceedings{riedmiller2005neural,
title={Neural fitted Q iteration--first experiences with a data efficient neural reinforcement learning method},
author={Riedmiller, Martin},
booktitle={European Conference on Machine Learning},
pages={317--328},
year={2005},
organization={Springer}
}
@article{schulman2017proximal,
title={Proximal policy optimization algorithms},
author={Schulman, John and Wolski, Filip and Dhariwal, Prafulla and Radford, Alec and Klimov, Oleg},
journal={arXiv preprint arXiv:1707.06347},
year={2017}
}
@inproceedings{mnih2016asynchronous,
title={Asynchronous methods for deep reinforcement learning},
author={Mnih, Volodymyr and Badia, Adria Puigdomenech and Mirza, Mehdi and Graves, Alex and Lillicrap, Timothy and Harley, Tim and Silver, David and Kavukcuoglu, Koray},
booktitle={International conference on machine learning},
pages={1928--1937},
year={2016}
}
@article{haarnoja2018soft,
title={Soft actor-critic: Off-policy maximum entropy deep reinforcement learning with a stochastic actor},
author={Haarnoja, Tuomas and Zhou, Aurick and Abbeel, Pieter and Levine, Sergey},
journal={arXiv preprint arXiv:1801.01290},
year={2018}
}
@inproceedings{sutton1995virtues,
title={On the virtues of linear learning and trajectory distributions},
author={Sutton, Richard S},
booktitle={Proceedings of the Workshop on Value Function Approximation, Machine Learning Conference},
pages={85},
year={1995}
}
@inproceedings{tsitsiklis1997analysis,
title={Analysis of temporal-diffference learning with function approximation},
author={Tsitsiklis, John N and Van Roy, Benjamin},
booktitle={Advances in neural information processing systems},
pages={1075--1081},
year={1997}
}
@article{watkins1992q,
title={Q-learning},
author={Watkins, Christopher JCH and Dayan, Peter},
journal={Machine learning},
volume={8},
number={3-4},
pages={279--292},
year={1992},
publisher={Springer}
}
@inproceedings{munos2016safe,
title={Safe and efficient off-policy reinforcement learning},
author={Munos, R{\'e}mi and Stepleton, Tom and Harutyunyan, Anna and Bellemare, Marc},
booktitle={Advances in Neural Information Processing Systems},
pages={1054--1062},
year={2016}
}
@article{silver2016mastering,
title={Mastering the game of Go with deep neural networks and tree search},
author={Silver, David and Huang, Aja and Maddison, Chris J and Guez, Arthur and Sifre, Laurent and Van Den Driessche, George and Schrittwieser, Julian and Antonoglou, Ioannis and Panneershelvam, Veda and Lanctot, Marc and others},
journal={nature},
volume={529},
number={7587},
pages={484},
year={2016},
publisher={Nature Publishing Group}
}
@article{tesauro1995temporal,
title={Temporal difference learning and TD-Gammon},
author={Tesauro, Gerald},
year={1995}
}
@article{pineau2019checklist,
title={The Machine Learning Reproducibility Checklist v1.2},
author={Pineau, Joelle},
year={2019}
}
@article{hinton2015distilling,
title={Distilling the knowledge in a neural network},
author={Hinton, Geoffrey and Vinyals, Oriol and Dean, Jeff},
journal={arXiv preprint arXiv:1503.02531},
year={2015}
}
@inproceedings{montufar2014number,
title={On the number of linear regions of deep neural networks},
author={Montufar, Guido F and Pascanu, Razvan and Cho, Kyunghyun and Bengio, Yoshua},
booktitle={Advances in neural information processing systems},
pages={2924--2932},
year={2014}
}
@article{zhang2016understanding,
title={Understanding deep learning requires rethinking generalization},
author={Zhang, Chiyuan and Bengio, Samy and Hardt, Moritz and Recht, Benjamin and Vinyals, Oriol},
journal={arXiv preprint arXiv:1611.03530},
year={2016}
}
@article{agarwal2019striving,
title={Striving for Simplicity in Off-policy Deep Reinforcement Learning},
author={Agarwal, Rishabh and Schuurmans, Dale and Norouzi, Mohammad},
journal={arXiv preprint arXiv:1907.04543},
year={2019}
}
@article{machado2018revisiting,
title={Revisiting the arcade learning environment: Evaluation protocols and open problems for general agents},
author={Machado, Marlos C and Bellemare, Marc G and Talvitie, Erik and Veness, Joel and Hausknecht, Matthew and Bowling, Michael},
journal={Journal of Artificial Intelligence Research},
volume={61},
pages={523--562},
year={2018}
}
@inproceedings{anschel2017averaged,
title={Averaged-dqn: Variance reduction and stabilization for deep reinforcement learning},
author={Anschel, Oron and Baram, Nir and Shimkin, Nahum},
booktitle={Proceedings of the 34th International Conference on Machine Learning-Volume 70},
pages={176--185},
year={2017},
organization={JMLR. org}
}
@article{morcos2018importance,
title={On the importance of single directions for generalization},
author={Morcos, Ari and Barrett, David GT and Rabinowitz, Neil C and Botvinick, Matthew},
journal={arXiv preprint arXiv:1803.06959},
year={2018}
}
@inproceedings{raghu2017svcca,
title={Svcca: Singular vector canonical correlation analysis for deep learning dynamics and interpretability},
author={Raghu, Maithra and Gilmer, Justin and Yosinski, Jason and Sohl-Dickstein, Jascha},
booktitle={Advances in Neural Information Processing Systems},
pages={6076--6085},
year={2017}
}
@inproceedings{maas2013rectifier,
title={Rectifier nonlinearities improve neural network acoustic models},
author={Maas, Andrew L and Hannun, Awni Y and Ng, Andrew Y}
}
@article{anand2019unsupervised,
title={Unsupervised State Representation Learning in Atari},
author={Anand, Ankesh and Racah, Evan and Ozair, Sherjil and Bengio, Yoshua and C{\^o}t{\'e}, Marc-Alexandre and Hjelm, R Devon},
journal={arXiv preprint arXiv:1906.08226},
year={2019}
}
@article{bengio2013representation,
title={Representation learning: A review and new perspectives},
author={Bengio, Yoshua and Courville, Aaron and Vincent, Pascal},
journal={IEEE transactions on pattern analysis and machine intelligence},
volume={35},
number={8},
pages={1798--1828},
year={2013},
publisher={IEEE}
}
@article{oymak2019generalization,
title={Generalization Guarantees for Neural Networks via Harnessing the Low-rank Structure of the Jacobian},
author={Oymak, Samet and Fabian, Zalan and Li, Mingchen and Soltanolkotabi, Mahdi},
journal={arXiv preprint arXiv:1906.05392},
year={2019}
}
@article{ernst2005tree,
title={Tree-based batch mode reinforcement learning},
author={Ernst, Damien and Geurts, Pierre and Wehenkel, Louis},
journal={Journal of Machine Learning Research},
volume={6},
number={Apr},
pages={503--556},
year={2005}
}
@article{du2019good,
title={Is a Good Representation Sufficient for Sample Efficient Reinforcement Learning?},
author={Du, Simon S and Kakade, Sham M and Wang, Ruosong and Yang, Lin F},
journal={arXiv preprint arXiv:1910.03016},
year={2019}
}
@article{zhang2018dissection,
title={A dissection of overfitting and generalization in continuous reinforcement learning},
author={Zhang, Amy and Ballas, Nicolas and Pineau, Joelle},
journal={arXiv preprint arXiv:1806.07937},
year={2018}
}
@article{lee2019simple,
title={A Simple Randomization Technique for Generalization in Deep Reinforcement Learning},
author={Lee, Kimin and Lee, Kibok and Shin, Jinwoo and Lee, Honglak},
journal={arXiv preprint arXiv:1910.05396},
year={2019}
}
@article{justesen2018illuminating,
title={Illuminating generalization in deep reinforcement learning through procedural level generation},
author={Justesen, Niels and Torrado, Ruben Rodriguez and Bontrager, Philip and Khalifa, Ahmed and Togelius, Julian and Risi, Sebastian},
journal={arXiv preprint arXiv:1806.10729},
year={2018}
}
@article{witty2018measuring,
title={Measuring and Characterizing Generalization in Deep Reinforcement Learning},
author={Witty, Sam and Lee, Jun Ki and Tosch, Emma and Atrey, Akanksha and Littman, Michael and Jensen, David},
journal={arXiv preprint arXiv:1812.02868},
year={2018}
}
@article{nair2015massively,
title={Massively parallel methods for deep reinforcement learning},
author={Nair, Arun and Srinivasan, Praveen and Blackwell, Sam and Alcicek, Cagdas and Fearon, Rory and De Maria, Alessandro and Panneershelvam, Vedavyas and Suleyman, Mustafa and Beattie, Charles and Petersen, Stig and others},
journal={arXiv preprint arXiv:1507.04296},
year={2015}
}
@article{wang2019generalization,
title={On the Generalization Gap in Reparameterizable Reinforcement Learning},
author={Wang, Huan and Zheng, Stephan and Xiong, Caiming and Socher, Richard},
journal={arXiv preprint arXiv:1905.12654},
year={2019}
}
@article{zhao2019investigating,
title={Investigating Generalisation in Continuous Deep Reinforcement Learning},
author={Zhao, Chenyang and Siguad, Olivier and Stulp, Freek and Hospedales, Timothy M},
journal={arXiv preprint arXiv:1902.07015},
year={2019}
}
@inproceedings{whiteson2011protecting,
title={Protecting against evaluation overfitting in empirical reinforcement learning},
author={Whiteson, Shimon and Tanner, Brian and Taylor, Matthew E and Stone, Peter},
booktitle={2011 IEEE Symposium on Adaptive Dynamic Programming and Reinforcement Learning (ADPRL)},
pages={120--127},
year={2011},
organization={IEEE}
}
@inproceedings{sutton1996generalization,
title={Generalization in reinforcement learning: Successful examples using sparse coarse coding},
author={Sutton, Richard S},
booktitle={Advances in neural information processing systems},
pages={1038--1044},
year={1996}
}
@article{liu2019toward,
title={Toward Understanding Catastrophic Interference inValue-based Reinforcement Learning},
author={Liu, Vincent and Yao, Hengshuai and White, Martha},
url={https://optrl2019.github.io/accepted_papers.html},
booktitle={NeurIPS 2019 Optimization Foundations for Reinforcement Learning Workshop},
year={2019}}
@article{fort2019emergent,
title={Emergent properties of the local geometry of neural loss landscapes},
author={Fort, Stanislav and Ganguli, Surya},
journal={arXiv preprint arXiv:1910.05929},
year={2019}
}
@article{papyan2019measurements,
title={Measurements of Three-Level Hierarchical Structure in the Outliers in the Spectrum of Deepnet Hessians},
author={Papyan, Vardan},
journal={arXiv preprint arXiv:1901.08244},
year={2019}
}
@inproceedings{igl2019generalization,
title={Generalization in reinforcement learning with selective noise injection and information bottleneck},
author={Igl, Maximilian and Ciosek, Kamil and Li, Yingzhen and Tschiatschek, Sebastian and Zhang, Cheng and Devlin, Sam and Hofmann, Katja},
booktitle={Advances in Neural Information Processing Systems},
pages={13956--13968},
year={2019}
}
@article{riemer2018learning,
title={Learning to learn without forgetting by maximizing transfer and minimizing interference},
author={Riemer, Matthew and Cases, Ignacio and Ajemian, Robert and Liu, Miao and Rish, Irina and Tu, Yuhai and Tesauro, Gerald},
journal={arXiv preprint arXiv:1810.11910},
year={2018}
}
@inproceedings{kearns2000bias,
title={Bias-Variance Error Bounds for Temporal Difference Updates.},
author={Kearns, Michael J and Singh, Satinder P},
booktitle={COLT},
pages={142--147},
year={2000},
organization={Citeseer}
}
@misc{feng2020neural,
title={How neural networks find generalizable solutions: Self-tuned annealing in deep learning},
author={Yu Feng and Yuhai Tu},
year={2020},
eprint={2001.01678},
archivePrefix={arXiv},
primaryClass={physics.data-an}
}

@article{frankle2018lottery,
title={The lottery ticket hypothesis: Finding sparse, trainable neural networks},
author={Frankle, Jonathan and Carbin, Michael},
journal={arXiv preprint arXiv:1803.03635},
year={2018}
}
@article{gur2018gradient,
title={Gradient descent happens in a tiny subspace},
author={Gur-Ari, Guy and Roberts, Daniel A and Dyer, Ethan},
journal={arXiv preprint arXiv:1812.04754},
year={2018}
}
@inproceedings{morcos2018insights,
title={Insights on representational similarity in neural networks with canonical correlation},
author={Morcos, Ari and Raghu, Maithra and Bengio, Samy},
booktitle={Advances in Neural Information Processing Systems},
pages={5727--5736},
year={2018}
}
@article{frankle2019lottery,
title={The Lottery Ticket Hypothesis at Scale},
author={Frankle, Jonathan and Dziugaite, Gintare Karolina and Roy, Daniel M and Carbin, Michael},
journal={arXiv preprint arXiv:1903.01611},
year={2019}
}
@article{frankle2019linear,
title={Linear Mode Connectivity and the Lottery Ticket Hypothesis},
author={Frankle, Jonathan and Dziugaite, Gintare Karolina and Roy, Daniel M and Carbin, Michael},
journal={arXiv preprint arXiv:1912.05671},
year={2019}
}
@inproceedings{lopez2017gradient,
title={Gradient episodic memory for continual learning},
author={Lopez-Paz, David and Ranzato, Marc'Aurelio},
booktitle={Advances in Neural Information Processing Systems},
pages={6467--6476},
year={2017}
}
@article{nichol2018first,
title={On first-order meta-learning algorithms},
author={Nichol, Alex and Achiam, Joshua and Schulman, John},
journal={arXiv preprint arXiv:1803.02999},
year={2018}
}
@article{neal2019support,
title={In Support of Over-Parametrization in Deep Reinforcement Learning: an Empirical Study},
author={Neal, Brady and Mitliagkas, Ioannis},
year={2019}
}
@inproceedings{jacot2018neural,
  title={Neural tangent kernel: Convergence and generalization in neural networks},
  author={Jacot, Arthur and Gabriel, Franck and Hongler, Cl{\'e}ment},
  booktitle={Advances in neural information processing systems},
  pages={8571--8580},
  year={2018}
}
@article{schaul2019ray,
  title={Ray interference: a source of plateaus in deep reinforcement learning},
  author={Schaul, Tom and Borsa, Diana and Modayil, Joseph and Pascanu, Razvan},
  journal={arXiv preprint arXiv:1904.11455},
  year={2019}
}
@article{keskar2016large,
  title={On large-batch training for deep learning: Generalization gap and sharp minima},
  author={Keskar, Nitish Shirish and Mudigere, Dheevatsa and Nocedal, Jorge and Smelyanskiy, Mikhail and Tang, Ping Tak Peter},
  journal={arXiv preprint arXiv:1609.04836},
  year={2016}
}
@article{draxler2018essentially,
  title={Essentially no barriers in neural network energy landscape},
  author={Draxler, Felix and Veschgini, Kambis and Salmhofer, Manfred and Hamprecht, Fred A},
  journal={arXiv preprint arXiv:1803.00885},
  year={2018}
}
@inproceedings{garipov2018LossSM,
  title={Loss Surfaces, Mode Connectivity, and Fast Ensembling of DNNs},
  author={Timur Garipov and Pavel Izmailov and Dmitrii Podoprikhin and Dmitry P. Vetrov and Andrew Gordon Wilson},
  booktitle={NeurIPS},
  year={2018}
}
@misc{he2019task,
    title={Task Agnostic Continual Learning via Meta Learning},
    author={Xu He and Jakub Sygnowski and Alexandre Galashov and Andrei A. Rusu and Yee Whye Teh and Razvan Pascanu},
    year={2019},
    eprint={1906.05201},
    archivePrefix={arXiv},
    primaryClass={stat.ML}
}
@inproceedings{
chung2018twotimescale,
title={Two-Timescale Networks for Nonlinear Value Function Approximation},
author={Wesley Chung and Somjit Nath and Ajin Joseph and Martha White},
booktitle={International Conference on Learning Representations},
year={2019},
}
@inproceedings{
wu2018the,
title={The Laplacian in {RL}: Learning Representations with Efficient Approximations},
author={Yifan Wu and George Tucker and Ofir Nachum},
booktitle={International Conference on Learning Representations},
year={2019},
url={https://openreview.net/forum?id=HJlNpoA5YQ},
}
@misc{machado2017laplacian,
    title={A Laplacian Framework for Option Discovery in Reinforcement Learning},
    author={Marlos C. Machado and Marc G. Bellemare and Michael Bowling},
    year={2017},
    eprint={1703.00956},
    archivePrefix={arXiv},
    primaryClass={cs.LG}
}
@misc{bellemare2019geometric,
    title={A Geometric Perspective on Optimal Representations for Reinforcement Learning},
    author={Marc G. Bellemare and Will Dabney and Robert Dadashi and Adrien Ali Taiga and Pablo Samuel Castro and Nicolas Le Roux and Dale Schuurmans and Tor Lattimore and Clare Lyle},
    year={2019},
    eprint={1901.11530},
    archivePrefix={arXiv},
    primaryClass={cs.LG}
}
@book{bertsekas2012dynamic,
  title={Dynamic Programming and Optimal Control, Vol. II: Approximate Dynamic Programming},
  author={Bertsekas, Dimitri P},
  volume={2},
  year={2012},
  publisher={Athena scientific}
}
@misc{freeman2019learning,
    title={Learning to Predict Without Looking Ahead: World Models Without Forward Prediction},
    author={C. Daniel Freeman and Luke Metz and David Ha},
    year={2019},
    eprint={1910.13038},
    archivePrefix={arXiv},
    primaryClass={cs.NE}
}
@misc{hasselt2018deep,
    title={Deep Reinforcement Learning and the Deadly Triad},
    author={Hado van Hasselt and Yotam Doron and Florian Strub and Matteo Hessel and Nicolas Sonnerat and Joseph Modayil},
    year={2018},
    eprint={1812.02648},
    archivePrefix={arXiv},
    primaryClass={cs.AI}
}
@misc{zhu2018anisotropic,
    title={The Anisotropic Noise in Stochastic Gradient Descent: Its Behavior of Escaping from Sharp Minima and Regularization Effects},
    author={Zhanxing Zhu and Jingfeng Wu and Bing Yu and Lei Wu and Jinwen Ma},
    year={2018},
    eprint={1803.00195},
    archivePrefix={arXiv},
    primaryClass={stat.ML}
}
@misc{sagun2017empirical,
    title={Empirical Analysis of the Hessian of Over-Parametrized Neural Networks},
    author={Levent Sagun and Utku Evci and V. Ugur Guney and Yann Dauphin and Leon Bottou},
    year={2017},
    eprint={1706.04454},
    archivePrefix={arXiv},
    primaryClass={cs.LG}
}
@misc{hanin2019deep,
    title={Deep ReLU Networks Have Surprisingly Few Activation Patterns},
    author={Boris Hanin and David Rolnick},
    year={2019},
    eprint={1906.00904},
    archivePrefix={arXiv},
    primaryClass={stat.ML}
}
@misc{hanin2019complexity,
    title={Complexity of Linear Regions in Deep Networks},
    author={Boris Hanin and David Rolnick},
    year={2019},
    eprint={1901.09021},
    archivePrefix={arXiv},
    primaryClass={stat.ML}
}
@misc{hasselt2019use,
    title={When to use parametric models in reinforcement learning?},
    author={Hado van Hasselt and Matteo Hessel and John Aslanides},
    year={2019},
    eprint={1906.05243},
    archivePrefix={arXiv},
    primaryClass={cs.LG}
}
@misc{zhang2019layers,
    title={Are All Layers Created Equal?},
    author={Chiyuan Zhang and Samy Bengio and Yoram Singer},
    year={2019},
    eprint={1902.01996},
    archivePrefix={arXiv},
    primaryClass={stat.ML}
}
@misc{sankararaman2019impact,
    title={The Impact of Neural Network Overparameterization on Gradient Confusion and Stochastic Gradient Descent},
    author={Karthik A. Sankararaman and Soham De and Zheng Xu and W. Ronny Huang and Tom Goldstein},
    year={2019},
    eprint={1904.06963},
    archivePrefix={arXiv},
    primaryClass={cs.LG}
}
@misc{finn2017metalearning,
    title={Meta-Learning and Universality: Deep Representations and Gradient Descent can Approximate any Learning Algorithm},
    author={Chelsea Finn and Sergey Levine},
    year={2017},
    eprint={1710.11622},
    archivePrefix={arXiv},
    primaryClass={cs.LG}
}
@inproceedings{
Yin2020Meta-Learning,
title={Meta-Learning without Memorization},
author={Mingzhang Yin and George Tucker and Mingyuan Zhou and Sergey Levine and Chelsea Finn},
booktitle={International Conference on Learning Representations},
year={2020},
url={https://openreview.net/forum?id=BklEFpEYwS}
}
@inproceedings{
Song2020Observational,
title={Observational Overfitting in Reinforcement Learning},
author={Xingyou Song and Yiding Jiang and Stephen Tu and Yilun Du and Behnam Neyshabur},
booktitle={International Conference on Learning Representations},
year={2020},
url={https://openreview.net/forum?id=HJli2hNKDH}
}
@inproceedings{balduzzi2017neural,
  title={Neural taylor approximations: Convergence and exploration in rectifier networks},
  author={Balduzzi, David and McWilliams, Brian and Butler-Yeoman, Tony},
  booktitle={International Conference on Machine Learning},
  pages={351--360},
  year={2017},
  url={https://arxiv.org/abs/1611.02345}
}
@article{polyak1964some,
  title={Some methods of speeding up the convergence of iteration methods},
  author={Polyak, Boris T},
  journal={USSR Computational Mathematics and Mathematical Physics},
  volume={4},
  number={5},
  pages={1--17},
  year={1964},
  publisher={Elsevier},
  url={https://vsokolov.org/courses/750/2018/files/polyak64.pdf}
}
@inproceedings{dijkstra1974role,
  title={On the role of scientific thought},
  author={Dijkstra, Edsger S},
  year={1974},
  url={https://www.cs.utexas.edu/users/EWD/transcriptions/EWD04xx/EWD447.html}}
@inproceedings{graham2019busticket,
  title={The Bus Ticket Theory of Genius},
  author={Graham, Paul},
  year={2019},
  url={http://paulgraham.com/genius.html}}
@misc{igl2020impact,
    title={The Impact of Non-stationarity on Generalisation in Deep Reinforcement Learning},
    author={Maximilian Igl and Gregory Farquhar and Jelena Luketina and Wendelin Boehmer and Shimon Whiteson},
    year={2020},
    eprint={2006.05826},
    archivePrefix={arXiv},
    primaryClass={cs.LG}
}
@article{kostrikov2020image,
  title={Image augmentation is all you need: Regularizing deep reinforcement learning from pixels},
  author={Kostrikov, Ilya and Yarats, Denis and Fergus, Rob},
  journal={arXiv preprint arXiv:2004.13649},
  year={2020}
}
@article{baxter2001infinite,
  title={Infinite-horizon policy-gradient estimation},
  author={Baxter, Jonathan and Bartlett, Peter L},
  journal={Journal of Artificial Intelligence Research},
  volume={15},
  pages={319--350},
  year={2001}
}
@misc{smith2017dont,
    title={Don't Decay the Learning Rate, Increase the Batch Size},
    author={Samuel L. Smith and Pieter-Jan Kindermans and Chris Ying and Quoc V. Le},
    year={2017},
    eprint={1711.00489},
    archivePrefix={arXiv},
    primaryClass={cs.LG}
}
@misc{cobbe2020phasic,
    title={Phasic Policy Gradient},
    author={Karl Cobbe and Jacob Hilton and Oleg Klimov and John Schulman},
    year={2020},
    eprint={2009.04416},
    archivePrefix={arXiv},
    primaryClass={cs.LG}
}
@article{hung2019optimizing,
  title={Optimizing agent behavior over long time scales by transporting value},
  author={Hung, Chia-Chun and Lillicrap, Timothy and Abramson, Josh and Wu, Yan and Mirza, Mehdi and Carnevale, Federico and Ahuja, Arun and Wayne, Greg},
  journal={Nature communications},
  volume={10},
  number={1},
  pages={1--12},
  year={2019},
  publisher={Nature Publishing Group}
}
@misc{gupta2018metareinforcement,
    title={Meta-Reinforcement Learning of Structured Exploration Strategies},
    author={Abhishek Gupta and Russell Mendonca and YuXuan Liu and Pieter Abbeel and Sergey Levine},
    year={2018},
    eprint={1802.07245},
    archivePrefix={arXiv},
    primaryClass={cs.LG}
}
@misc{dong2019expressivity,
    title={On the Expressivity of Neural Networks for Deep Reinforcement Learning},
    author={Kefan Dong and Yuping Luo and Tengyu Ma},
    year={2019},
    eprint={1910.05927},
    archivePrefix={arXiv},
    primaryClass={cs.LG},
    posterurl={https://icml.cc/virtual/2020/poster/6381}
}
@article{fedus2020catastrophic,
  title={On Catastrophic Interference in Atari 2600 Games},
  author={Fedus, William and Ghosh, Dibya and Martin, John D and Bellemare, Marc G and Bengio, Yoshua and Larochelle, Hugo},
  journal={arXiv preprint arXiv:2002.12499},
  year={2020}
}
@misc{liu2020practical,
    title={Towards a practical measure of interference for reinforcement learning},
    author={Vincent Liu and Adam White and Hengshuai Yao and Martha White},
    year={2020},
    eprint={2007.03807},
    archivePrefix={arXiv},
    primaryClass={cs.LG}
}

@misc{belkin2018reconciling,
    title={Reconciling modern machine learning practice and the bias-variance trade-off},
    author={Mikhail Belkin and Daniel Hsu and Siyuan Ma and Soumik Mandal},
    year={2018},
    eprint={1812.11118},
    archivePrefix={arXiv},
    primaryClass={stat.ML}
}
@misc{rahaman2018spectral,
    title={On the Spectral Bias of Neural Networks},
    author={Nasim Rahaman and Aristide Baratin and Devansh Arpit and Felix Draxler and Min Lin and Fred A. Hamprecht and Yoshua Bengio and Aaron Courville},
    year={2018},
    eprint={1806.08734},
    archivePrefix={arXiv},
    primaryClass={stat.ML}
}
@article{sagawa2020investigation,
  title={An Investigation of Why Overparameterization Exacerbates Spurious Correlations},
  author={Sagawa, Shiori and Raghunathan, Aditi and Koh, Pang Wei and Liang, Percy},
  journal={arXiv preprint arXiv:2005.04345},
  year={2020}
}
@article{nakkiran2019deep,
  title={Deep double descent: Where bigger models and more data hurt},
  author={Nakkiran, Preetum and Kaplun, Gal and Bansal, Yamini and Yang, Tristan and Barak, Boaz and Sutskever, Ilya},
  journal={arXiv preprint arXiv:1912.02292},
  year={2019}
}
@misc{javed2020learning,
    title={Learning Causal Models Online},
    author={Khurram Javed and Martha White and Yoshua Bengio},
    year={2020},
    eprint={2006.07461},
    archivePrefix={arXiv},
    primaryClass={cs.LG}
}
@article{hadsell2020embracing,
  title={Embracing Change: Continual Learning in Deep Neural Networks},
  author={Hadsell, Raia and Rao, Dushyant and Rusu, Andrei A and Pascanu, Razvan},
  journal={Trends in Cognitive Sciences},
  year={2020},
  publisher={Elsevier},
  url={https://www.cell.com/action/showPdf?pii=S1364-6613\%2820\%2930219-9}
}
@inproceedings{yu2015convergence,
  title={On convergence of emphatic temporal-difference learning},
  author={Yu, Huizhen},
  booktitle={Conference on Learning Theory},
  pages={1724--1751},
  year={2015},
  url={https://arxiv.org/abs/1506.02582}
}
@article{mahmood2015emphatic,
  title={Emphatic temporal-difference learning},
  author={Mahmood, A Rupam and Yu, Huizhen and White, Martha and Sutton, Richard S},
  journal={arXiv preprint arXiv:1507.01569},
  year={2015},
  url={https://arxiv.org/abs/1507.01569}
}

@article{barde2020adversarial,
  title={Adversarial Soft Advantage Fitting: Imitation Learning without Policy Optimization},
  author={Barde, Paul and Roy, Julien and Jeon, Wonseok and Pineau, Joelle and Pal, Christopher and Nowrouzezahrai, Derek},
  journal={arXiv preprint arXiv:2006.13258},
  year={2020},
  url={https://arxiv.org/pdf/2006.13258.pdf}
}
@article{mehta2020extreme,
  title={Extreme Memorization via Scale of Initialization},
  author={Mehta, Harsh and Cutkosky, Ashok and Neyshabur, Behnam},
  journal={arXiv preprint arXiv:2008.13363},
  year={2020},
  url={https://arxiv.org/abs/2008.13363}
}

@article{bertsekas1996temporal,
  title={Temporal differences-based policy iteration and applications in neuro-dynamic programming},
  author={Bertsekas, Dimitri P and Ioffe, Sergey},
  journal={Lab. for Info. and Decision Systems Report LIDS-P-2349, MIT, Cambridge, MA},
  volume={14},
  year={1996},
  publisher={Citeseer},
  url={http://www.mit.edu/~dimitrib/Tempdif.pdf}
}
@article{fu2019diagnosing,
  title={Diagnosing bottlenecks in deep q-learning algorithms},
  author={Fu, Justin and Kumar, Aviral and Soh, Matthew and Levine, Sergey},
  journal={arXiv preprint arXiv:1902.10250},
  year={2019},
  url={https://arxiv.org/abs/1902.10250}
}
@inproceedings{vanseijen2015deeper,
  title={A deeper look at planning as learning from replay},
  author={van Seijen, Harm and Sutton, Rich},
  booktitle={International conference on machine learning},
  pages={2314--2322},
  year={2015}
}
@inproceedings{bengio2020interference,
    title={Interference and Generalization in Temporal Difference Learning},
    author={Emmanuel Bengio and Joelle Pineau and Doina Precup},
    year={2020},
    eprint={2003.06350},
    booktitle = {International Conference on Machine Learning},
    archivePrefix={arXiv},
    primaryClass={cs.LG}
}
@misc{romoff2020tdprop,
    title={TDprop: Does Jacobi Preconditioning Help Temporal Difference Learning?},
    author={Joshua Romoff and Peter Henderson and David Kanaa and Emmanuel Bengio and Ahmed Touati and Pierre-Luc Bacon and Joelle Pineau},
    year={2020},
    eprint={2007.02786},
    archivePrefix={arXiv},
    primaryClass={cs.LG}
}
@inproceedings{dangel2020backpack,
    title     = {Back{PACK}: Packing more into Backprop},
    author    = {Felix Dangel and Frederik Kunstner and Philipp Hennig},
    booktitle = {International Conference on Learning Representations},
    year      = {2020},
    url       = {https://openreview.net/forum?id=BJlrF24twB}
}
@article{singh1996reinforcement,
  title={Reinforcement learning with replacing eligibility traces},
  author={Singh, Satinder P and Sutton, Richard S},
  journal={Machine learning},
  volume={22},
  number={1-3},
  pages={123--158},
  year={1996},
  publisher={Springer}
}
@article{wilson2003general,
  title={The general inefficiency of batch training for gradient descent learning},
  author={Wilson, D Randall and Martinez, Tony R},
  journal={Neural networks},
  volume={16},
  number={10},
  pages={1429--1451},
  year={2003},
  publisher={Elsevier}
}
@misc{keskar2016largebatch,
    title={On Large-Batch Training for Deep Learning: Generalization Gap and Sharp Minima},
    author={Nitish Shirish Keskar and Dheevatsa Mudigere and Jorge Nocedal and Mikhail Smelyanskiy and Ping Tak Peter Tang},
    year={2016},
    eprint={1609.04836},
    archivePrefix={arXiv},
    primaryClass={cs.LG}
}
@article{netzer2011reading,
  title={Reading digits in natural images with unsupervised feature learning},
  author={Netzer, Yuval and Wang, Tao and Coates, Adam and Bissacco, Alessandro and Wu, Bo and Ng, Andrew Y},
  year={2011}
}
@book{bishop2006pattern,
  title={Pattern recognition and machine learning},
  author={Bishop, Christopher M},
  year={2006},
  publisher={springer}
}
@inproceedings{sutskever2013importance,
  title={On the importance of initialization and momentum in deep learning},
  author={Sutskever, Ilya and Martens, James and Dahl, George and Hinton, Geoffrey},
  booktitle={International conference on machine learning},
  pages={1139--1147},
  year={2013}
}
@inproceedings{nesterov27method,
  title={A method of solving a convex programming problem with convergence rate $O (1/k^2)$ O (1/k2)},
  author={Nesterov, Yu},
  booktitle={Sov. Math. Dokl},
  volume={27},
  number={2},
  year={1983}
}
@incollection{baird1995residual,
  title={Residual algorithms: Reinforcement learning with function approximation},
  author={Baird, Leemon},
  booktitle={Machine Learning Proceedings 1995},
  pages={30--37},
  year={1995},
  publisher={Elsevier}
}
@article{zhang2019deep,
  title={Deep Residual Reinforcement Learning},
  author={Zhang, Shangtong and Boehmer, Wendelin and Whiteson, Shimon},
  journal={arXiv preprint arXiv:1905.01072},
  year={2019}
}
@article{sutton2008convergent,
  title={A convergent O (n) algorithm for off-policy temporal-difference learning with linear function approximation},
  author={Sutton, Richard S and Szepesv{\'a}ri, Csaba and Maei, Hamid Reza},
  journal={Advances in neural information processing systems},
  volume={21},
  number={21},
  pages={1609--1616},
  year={2008},
  publisher={MIT Press}
}
@inproceedings{sutton2009fast,
  title={Fast gradient-descent methods for temporal-difference learning with linear function approximation},
  author={Sutton, Richard S and Maei, Hamid Reza and Precup, Doina and Bhatnagar, Shalabh and Silver, David and Szepesv{\'a}ri, Csaba and Wiewiora, Eric},
  booktitle={Proceedings of the 26th Annual International Conference on Machine Learning},
  pages={993--1000},
  year={2009}
}
@article{sun2020adaptive,
  title={Adaptive Temporal Difference Learning with Linear Function Approximation},
  author={Sun, Tao and Shen, Han and Chen, Tianyi and Li, Dongsheng},
  journal={arXiv preprint arXiv:2002.08537},
  year={2020}
}
@inproceedings{meyer2014accelerated,
  title={Accelerated gradient temporal difference learning algorithms},
  author={Meyer, Dominik and Degenne, R{\'e}my and Omrane, Ahmed and Shen, Hao},
  booktitle={2014 IEEE Symposium on Adaptive Dynamic Programming and Reinforcement Learning (ADPRL)},
  pages={1--8},
  year={2014},
  organization={IEEE}
}
@article{pan2016accelerated,
  title={Accelerated gradient temporal difference learning},
  author={Pan, Yangchen and White, Adam and White, Martha},
  journal={arXiv preprint arXiv:1611.09328},
  year={2016}
}
@inproceedings{
kapturowski2018recurrent,
title={Recurrent Experience Replay in Distributed Reinforcement Learning},
author={Steven Kapturowski and Georg Ostrovski and Will Dabney and John Quan and Remi Munos},
booktitle={International Conference on Learning Representations},
year={2019},
url={https://openreview.net/forum?id=r1lyTjAqYX},
}
@inproceedings{gupta2019finite,
  title={Finite-time performance bounds and adaptive learning rate selection for two time-scale reinforcement learning},
  author={Gupta, Harsh and Srikant, R and Ying, Lei},
  booktitle={Advances in Neural Information Processing Systems},
  pages={4704--4713},
  year={2019}
}
@article{gupta2020applicability,
  title={Applicability of Momentum in the Methods of Temporal Learning},
  author={Gupta, Dhawal},
  year={2020}
}
@article{sarigul2018performance,
    author = {M. Sarigül and M. Avci},
    title = {Performance comparison of different momentum techniques on deep reinforcement learning},
    journal = {Journal of Information and Telecommunication},
    volume = {2},
    number = {2},
    pages = {205-216},
    year  = {2018},
    publisher = {Taylor & Francis},
    doi = {10.1080/24751839.2018.1440453}
}

@article{engelbrecht2000using,
  title={Using the Taylor expansion of multilayer feedforward neural networks},
  author={Engelbrecht, Andries Petrus},
  journal={South African Computer Journal},
  volume={2000},
  number={26},
  pages={181--189},
  year={2000},
  publisher={South African Computer Society (SAICSIT)}
}
@article{molchanov2016pruning,
  title={Pruning convolutional neural networks for resource efficient inference},
  author={Molchanov, Pavlo and Tyree, Stephen and Karras, Tero and Aila, Timo and Kautz, Jan},
  journal={arXiv preprint arXiv:1611.06440},
  year={2016}
}
@inproceedings{lecun1990optimal,
  title={Optimal brain damage},
  author={LeCun, Yann and Denker, John S and Solla, Sara A},
  booktitle={Advances in neural information processing systems},
  pages={598--605},
  year={1990}
}
@inproceedings{hassibi1993second,
  title={Second order derivatives for network pruning: Optimal brain surgeon},
  author={Hassibi, Babak and Stork, David G},
  booktitle={Advances in neural information processing systems},
  pages={164--171},
  year={1993}
}
@ARTICLE{engelbrecht2001pruning,
  author={Andries Petrus Engelbrecht},
  journal={IEEE Transactions on Neural Networks}, 
  title={A new pruning heuristic based on variance analysis of sensitivity information}, 
  year={2001},
  volume={12},
  number={6},
  pages={1386-1399},}
@article{schapire1996worst,
  title={On the worst-case analysis of temporal-difference learning algorithms},
  author={Schapire, Robert E and Warmuth, Manfred K},
  journal={Machine Learning},
  volume={22},
  number={1-3},
  pages={95--121},
  year={1996},
  publisher={Springer}
}
@misc{fedus2020revisiting,
    title={Revisiting Fundamentals of Experience Replay},
    author={William Fedus and Prajit Ramachandran and Rishabh Agarwal and Yoshua Bengio and Hugo Larochelle and Mark Rowland and Will Dabney},
    year={2020},
    eprint={2007.06700},
    archivePrefix={arXiv},
    primaryClass={cs.LG}
}
@misc{andrychowicz2020matters,
    title={What Matters In On-Policy Reinforcement Learning? A Large-Scale Empirical Study},
    author={Marcin Andrychowicz and Anton Raichuk and Piotr Stańczyk and Manu Orsini and Sertan Girgin and Raphael Marinier and Léonard Hussenot and Matthieu Geist and Olivier Pietquin and Marcin Michalski and Sylvain Gelly and Olivier Bachem},
    year={2020},
    eprint={2006.05990},
    archivePrefix={arXiv},
    primaryClass={cs.LG}
}
@article{bellman1957markovian,
  title={A Markovian decision process},
  author={Bellman, Richard},
  journal={Journal of mathematics and mechanics},
  pages={679--684},
  year={1957},
  publisher={JSTOR}
}
@book{sutton2018reinforcement,
  title={Reinforcement learning: An introduction},
  author={Sutton, Richard S and Barto, Andrew G},
  year={2018},
  publisher={MIT press}
}
@misc{fort2019stiffness,
    title={Stiffness: A New Perspective on Generalization in Neural Networks},
    author={Stanislav Fort and Paweł Krzysztof Nowak and Stanislaw Jastrzebski and Srini Narayanan},
    year={2019},
    eprint={1901.09491},
    archivePrefix={arXiv},
    primaryClass={cs.LG}
}
@inproceedings{vanseijen2014true,
  title={True Online TD($\lambda$)},
  author={van Seijen, Harm and Sutton, Rich},
  booktitle={International Conference on Machine Learning},
  pages={692--700},
  year={2014}
}
@article{bradtke1996linear,
  title={Linear least-squares algorithms for temporal difference learning},
  author={Bradtke, Steven J and Barto, Andrew G},
  journal={Machine learning},
  volume={22},
  number={1-3},
  pages={33--57},
  year={1996},
  publisher={Springer}
}

@inproceedings{vieillard2020momentum,
  title={Momentum in reinforcement learning},
  author={Vieillard, Nino and Scherrer, Bruno and Pietquin, Olivier and Geist, Matthieu},
  booktitle={International Conference on Artificial Intelligence and Statistics},
  pages={2529--2538},
  year={2020}
}

@inproceedings{botev2017nesterov,
  title={Nesterov's accelerated gradient and momentum as approximations to regularised update descent},
  author={Botev, Aleksandar and Lever, Guy and Barber, David},
  booktitle={2017 International Joint Conference on Neural Networks (IJCNN)},
  pages={1899--1903},
  year={2017},
  organization={IEEE}
}

@inproceedings{paszke2019pytorch,
  title={Pytorch: An imperative style, high-performance deep learning library},
  author={Paszke, Adam and Gross, Sam and Massa, Francisco and Lerer, Adam and Bradbury, James and Chanan, Gregory and Killeen, Trevor and Lin, Zeming and Gimelshein, Natalia and Antiga, Luca and others},
  booktitle={Advances in neural information processing systems},
  pages={8026--8037},
  year={2019}
}
@inproceedings{liu2019utility,
title={The utility of sparse representations for control in reinforcement learning},
author={Liu, Vincent and Kumaraswamy, Raksha and Le, Lei and White, Martha},
booktitle={Proceedings of the AAAI Conference on Artificial Intelligence},
volume={33},
pages={4384--4391},
year={2019}
}
@article{achiam2019towards,
title={Towards Characterizing Divergence in Deep Q-Learning},
author={Achiam, Joshua and Knight, Ethan and Abbeel, Pieter},
journal={arXiv preprint arXiv:1903.08894},
year={2019}
}
@article{lamb2020neural,
  title={Neural Function Modules with Sparse Arguments: A Dynamic Approach to Integrating Information across Layers},
  author={Lamb, Alex and Goyal, Anirudh and S{\l}owik, Agnieszka and Mozer, Michael and Beaudoin, Philippe and Bengio, Yoshua},
  journal={arXiv preprint arXiv:2010.08012},
  year={2020},
  url={https://arxiv.org/abs/2010.08012}
}

@article{wen2020efficiency,
  title={On Efficiency in Hierarchical Reinforcement Learning},
  author={Wen, Zheng and Precup, Doina and Ibrahimi, Morteza and Barreto, Andre and Van Roy, Benjamin and Singh, Satinder},
  journal={Advances in Neural Information Processing Systems},
  volume={33},
  year={2020},
  url={https://proceedings.neurips.cc/paper/2020/file/4a5cfa9281924139db466a8a19291aff-Paper.pdf},
  posterurl={https://neurips.cc/virtual/2020/protected/poster_4a5cfa9281924139db466a8a19291aff.html}
}

@article{tian2020understanding,
  title={Understanding self-supervised learning with dual deep networks},
  author={Tian, Yuandong and Yu, Lantao and Chen, Xinlei and Ganguli, Surya},
  journal={arXiv preprint arXiv:2010.00578},
  year={2020},
  url={https://arxiv.org/abs/2010.00578}
}
@article{kumar2020implicit,
  title={Implicit Under-Parameterization Inhibits Data-Efficient Deep Reinforcement Learning},
  author={Kumar, Aviral and Agarwal, Rishabh and Ghosh, Dibya and Levine, Sergey},
  journal={arXiv preprint arXiv:2010.14498},
  year={2020},
  url={https://arxiv.org/abs/2010.14498}
}
@article{hilton2020understanding,
  author = {Hilton, Jacob and Cammarata, Nick and Carter, Shan and Goh, Gabriel and Olah, Chris},
  title = {Understanding RL Vision},
  journal = {Distill},
  year = {2020},
  url = {https://distill.pub/2020/understanding-rl-vision},
  doi = {10.23915/distill.00029}
}
@article{chandak2020optimizing,
  title={Optimizing for the Future in Non-Stationary MDPs},
  author={Chandak, Yash and Theocharous, Georgios and Shankar, Shiv and Mahadevan, Sridhar and White, Martha and Thomas, Philip S},
  journal={arXiv preprint arXiv:2005.08158},
  url={https://openreview.net/pdf?id=HZkfQzqxlbz},
  year={2020}
}
@article{swayamdipta2020dataset,
  title={Dataset cartography: Mapping and diagnosing datasets with training dynamics},
  author={Swayamdipta, Swabha and Schwartz, Roy and Lourie, Nicholas and Wang, Yizhong and Hajishirzi, Hannaneh and Smith, Noah A and Choi, Yejin},
  journal={arXiv preprint arXiv:2009.10795},
  year={2020}
}

@article{gupta2020maml,
  title={La-MAML: Look-ahead Meta Learning for Continual Learning},
  author={Gupta, Gunshi and Yadav, Karmesh and Paull, Liam},
  journal={arXiv preprint arXiv:2007.13904},
  year={2020},
  url={https://arxiv.org/abs/2007.13904}
}
@article{tao2020novelty,
  title={Novelty Search in representational space for sample efficient exploration},
  author={Tao, Ruo Yu and Fran{\c{c}}ois-Lavet, Vincent and Pineau, Joelle},
  journal={Advances in Neural Information Processing Systems},
  volume={33},
  year={2020},
  posterurl={https://neurips.cc/virtual/2020/protected/poster_5ca41a86596a5ed567d15af0be224952.html}
}
@article{li2020breaking,
  title={Breaking the sample size barrier in model-based reinforcement learning with a generative model},
  author={Li, Gen and Wei, Yuting and Chi, Yuejie and Gu, Yuantao and Chen, Yuxin},
  journal={arXiv preprint arXiv:2005.12900},
  year={2020},
  posterurl={https://neurips.cc/virtual/2020/protected/poster_96ea64f3a1aa2fd00c72faacf0cb8ac9.html}
}
@article{zhang2020numerosity,
  title={On Numerosity of Deep Neural Networks},
  author={Zhang, Xi and Wu, Xiaolin},
  journal={Advances in Neural Information Processing Systems},
  volume={33},
  year={2020},
  posterurl={https://neurips.cc/virtual/2020/protected/poster_13e36f06c66134ad65f532e90d898545.html}
}
@article{kidambi2020morel,
  title={MOReL: Model-Based Offline Reinforcement Learning},
  author={Kidambi, Rahul and Rajeswaran, Aravind and Netrapalli, Praneeth and Joachims, Thorsten},
  journal={arXiv preprint arXiv:2005.05951},
  year={2020},
  posterurl={https://neurips.cc/virtual/2020/protected/poster_f7efa4f864ae9b88d43527f4b14f750f.html}
}
@article{kumar2020discor,
  title={Discor: Corrective feedback in reinforcement learning via distribution correction},
  author={Kumar, Aviral and Gupta, Abhishek and Levine, Sergey},
  journal={arXiv preprint arXiv:2003.07305},
  year={2020},
  posterurl={https://neurips.cc/virtual/2020/protected/poster_d7f426ccbc6db7e235c57958c21c5dfa.html}
}
@article{jordan2020exactly,
  title={Exactly Computing the Local Lipschitz Constant of ReLU Networks},
  author={Jordan, Matt and Dimakis, Alexandros G},
  journal={arXiv preprint arXiv:2003.01219},
  year={2020},
  posterurl={https://neurips.cc/virtual/2020/protected/poster_5227fa9a19dce7ba113f50a405dcaf09.html}
}
@article{barcelo2020model,
  title={Model Interpretability through the lens of Computational Complexity},
  author={Barcel{\'o}, Pablo and Monet, Mika{\"e}l and P{\'e}rez, Jorge and Subercaseaux, Bernardo},
  journal={Advances in Neural Information Processing Systems},
  volume={33},
  year={2020},
  posterurl={https://neurips.cc/virtual/2020/protected/poster_b1adda14824f50ef24ff1c05bb66faf3.html}
}
@article{zhuang2020consequences,
  title={Consequences of Misaligned AI},
  author={Zhuang, Simon and Hadfield-Menell, Dylan},
  journal={Advances in Neural Information Processing Systems},
  volume={33},
  year={2020},
  posterurl={https://neurips.cc/virtual/2020/protected/poster_b607ba543ad05417b8507ee86c54fcb7.html}
}
@article{lazic2020maximum,
  title={A maximum-entropy approach to off-policy evaluation in average-reward MDPs},
  author={Lazic, Nevena and Yin, Dong and Farajtabar, Mehrdad and Levine, Nir and Gorur, Dilan and Harris, Chris and Schuurmans, Dale},
  journal={Advances in Neural Information Processing Systems},
  volume={33},
  year={2020},
  posterurl={https://neurips.cc/virtual/2020/protected/poster_9308b0d6e5898366a4a986bc33f3d3e7.html}
}
@article{grimm2020value,
  title={The Value Equivalence Principle for Model-Based Reinforcement Learning},
  author={Grimm, Christopher and Barreto, Andr{\'e} and Singh, Satinder and Silver, David},
  journal={Advances in Neural Information Processing Systems},
  volume={33},
  year={2020},
  posterurl={https://neurips.cc/virtual/2020/protected/poster_3bb585ea00014b0e3ebe4c6dd165a358.html}
}

@article{bartoldson2020generalization,
  title={The generalization-stability tradeoff in neural network pruning},
  author={Bartoldson, Brian and Morcos, Ari and Barbu, Adrian and Erlebacher, Gordon},
  journal={Advances in Neural Information Processing Systems},
  volume={33},
  year={2020},
  posterurl={https://neurips.cc/virtual/2020/protected/poster_ef2ee09ea9551de88bc11fd7eeea93b0.html}
}
@article{fujimoto2020equivalence,
  title={An Equivalence between Loss Functions and Non-Uniform Sampling in Experience Replay},
  author={Fujimoto, Scott and Meger, David and Precup, Doina},
  journal={Advances in Neural Information Processing Systems},
  volume={33},
  year={2020},
  posterurl={https://neurips.cc/virtual/2020/protected/poster_a3bf6e4db673b6449c2f7d13ee6ec9c0.html}
}
@article{tripuraneni2020theory,
  title={On the theory of transfer learning: The importance of task diversity},
  author={Tripuraneni, Nilesh and Jordan, Michael and Jin, Chi},
  journal={Advances in Neural Information Processing Systems},
  volume={33},
  year={2020},
  posterurl={https://neurips.cc/virtual/2020/protected/poster_59587bffec1c7846f3e34230141556ae.html}
}
@article{ghosh2020operator,
  title={An operator view of policy gradient methods},
  author={Ghosh, Dibya and C Machado, Marlos and Le Roux, Nicolas},
  journal={Advances in Neural Information Processing Systems},
  volume={33},
  year={2020},
  posterurl={https://neurips.cc/virtual/2020/protected/poster_22eda830d1051274a2581d6466c06e6c.html}
}
@article{van2020loca,
  title={The LoCA Regret: A Consistent Metric to Evaluate Model-Based Behavior in Reinforcement Learning},
  author={Van Seijen, Harm and Nekoei, Hadi and Racah, Evan and Chandar, Sarath},
  journal={Advances in Neural Information Processing Systems},
  volume={33},
  year={2020},
  posterurl={https://neurips.cc/virtual/2020/protected/poster_48db71587df6c7c442e5b76cc723169a.html}
}
@article{kamalaruban2020robust,
  title={Robust Reinforcement Learning via Adversarial training with Langevin Dynamics},
  author={Kamalaruban, Parameswaran and Huang, Yu-Ting and Hsieh, Ya-Ping and Rolland, Paul and Shi, Cheng and Cevher, Volkan},
  journal={arXiv preprint arXiv:2002.06063},
  year={2020},
  posterurl={https://neurips.cc/virtual/2020/protected/poster_5cb0e249689cd6d8369c4885435a56c2.html}
}
@article{shen2020model,
  title={Model-based Policy Optimization with Unsupervised Model Adaptation},
  author={Shen, Jian and Zhao, Han and Zhang, Weinan and Yu, Yong},
  journal={Advances in Neural Information Processing Systems},
  volume={33},
  year={2020},
  posterurl={https://neurips.cc/virtual/2020/protected/poster_1dc3a89d0d440ba31729b0ba74b93a33.html}
}
@article{van2020mdp,
  title={MDP homomorphic networks: Group symmetries in reinforcement learning},
  author={van der Pol, Elise and Worrall, Daniel and van Hoof, Herke and Oliehoek, Frans and Welling, Max},
  journal={Advances in Neural Information Processing Systems},
  volume={33},
  year={2020},
  posterurl={https://neurips.cc/virtual/2020/protected/poster_2be5f9c2e3620eb73c2972d7552b6cb5.html}
}
@article{doimo2020hierarchical,
  title={Hierarchical nucleation in deep neural networks},
  author={Doimo, Diego and Glielmo, Aldo and Ansuini, Alessio and Laio, Alessandro},
  journal={Advances in Neural Information Processing Systems},
  volume={33},
  year={2020},
  posterurl={https://neurips.cc/virtual/2020/protected/poster_54f3bc04830d762a3b56a789b6ff62df.html}
}
@article{bertran2020instance,
  title={Instance-based Generalization in Reinforcement Learning},
  author={Bertran, Martin and Martinez, Natalia and Phielipp, Mariano and Sapiro, Guillermo},
  journal={Advances in Neural Information Processing Systems},
  volume={33},
  year={2020},
  posterurl={https://neurips.cc/virtual/2020/protected/poster_82674fc29bc0d9895cee346548c2cb5c.html}
}
@article{shah2020sample,
  title={Sample Efficient Reinforcement Learning via Low-Rank Matrix Estimation},
  author={Shah, Devavrat and Song, Dogyoon and Xu, Zhi and Yang, Yuzhe},
  journal={arXiv preprint arXiv:2006.06135},
  year={2020},
  posterurl={https://neurips.cc/virtual/2020/protected/poster_8d2355364e9a2ba1f82f975414937b43.html}
}
@article{kumar2020one,
  title={One Solution is Not All You Need: Few-Shot Extrapolation via Structured MaxEnt RL},
  author={Kumar, Saurabh and Kumar, Aviral and Levine, Sergey and Finn, Chelsea},
  journal={Advances in Neural Information Processing Systems},
  volume={33},
  year={2020},
  posterurl={https://neurips.cc/virtual/2020/protected/poster_5d151d1059a6281335a10732fc49620e.html}
}
@article{pensia2020optimal,
  title={Optimal Lottery Tickets via Subset Sum: Logarithmic Over-Parameterization is Sufficient},
  author={Pensia, Ankit and Rajput, Shashank and Nagle, Alliot and Vishwakarma, Harit and Papailiopoulos, Dimitris},
  journal={Advances in Neural Information Processing Systems},
  volume={33},
  year={2020},
  posterurl={https://neurips.cc/virtual/2020/protected/poster_1b742ae215adf18b75449c6e272fd92d.html}
}
@article{lorberbom2020direct,
  title={Direct policy gradients: Direct optimization of policies in discrete action spaces},
  author={Lorberbom, Guy and Maddison, Chris J and Heess, Nicolas and Hazan, Tamir and Tarlow, Daniel},
  journal={Advances in Neural Information Processing Systems},
  volume={33},
  year={2020},
  posterurl={https://neurips.cc/virtual/2020/protected/poster_d1e7b08bdb7783ed4fb10abe92c22ffd.html}
}
@article{bernstein2020distance,
  title={On the distance between two neural networks and the stability of learning},
  author={Bernstein, Jeremy and Vahdat, Arash and Yue, Yisong and Liu, Ming-Yu},
  journal={arXiv preprint arXiv:2002.03432},
  year={2020},
  posterurl={https://neurips.cc/virtual/2020/protected/poster_f4b31bee138ff5f7b84ce1575a738f95.html}
}
@article{mei2020escaping,
  title={Escaping the Gravitational Pull of Softmax},
  author={Mei, Jincheng and Xiao, Chenjun and Dai, Bo and Li, Lihong and Szepesv{\'a}ri, Csaba and Schuurmans, Dale},
  journal={Advances in Neural Information Processing Systems},
  volume={33},
  year={2020},
  posterurl={https://neurips.cc/virtual/2020/protected/poster_f1cf2a082126bf02de0b307778ce73a7.html}
}
@article{wai2020provably,
  title={Provably Efficient Neural GTD for Off-Policy Learning},
  author={Wai, Hoi-To and Yang, Zhuoran and Wang, Zhaoran and Hong, Mingyi},
  journal={Advances in Neural Information Processing Systems},
  volume={33},
  year={2020},
  posterurl={https://neurips.cc/virtual/2020/protected/poster_75ebb02f92fc30a8040bbd625af999f1.html}
}
@article{ye2020greedy,
  title={Greedy Optimization Provably Wins the Lottery: Logarithmic Number of Winning Tickets is Enough},
  author={Ye, Mao and Wu, Lemeng and Liu, Qiang},
  journal={Advances in Neural Information Processing Systems},
  volume={33},
  year={2020},
  posterurl={https://neurips.cc/virtual/2020/protected/poster_be23c41621390a448779ee72409e5f49.html}
}
@article{curi2020efficient,
  title={Efficient model-based reinforcement learning through optimistic policy search and planning},
  author={Curi, Sebastian and Berkenkamp, Felix and Krause, Andreas},
  journal={Advances in Neural Information Processing Systems},
  volume={33},
  year={2020},
  posterurl={https://neurips.cc/virtual/2020/protected/poster_a36b598abb934e4528412e5a2127b931.html}
}
@article{agarwal2020flambe,
  title={Flambe: Structural complexity and representation learning of low rank mdps},
  author={Agarwal, Alekh and Kakade, Sham and Krishnamurthy, Akshay and Sun, Wen},
  journal={Advances in Neural Information Processing Systems},
  volume={33},
  year={2020},
  posterurl={https://neurips.cc/virtual/2020/protected/poster_e894d787e2fd6c133af47140aa156f00.html}
}
@article{chelu2020forethought,
  title={Forethought and Hindsight in Credit Assignment},
  author={Chelu, Veronica and Precup, Doina and van Hasselt, Hado P},
  journal={Advances in Neural Information Processing Systems},
  volume={33},
  year={2020},
  posterurl={https://neurips.cc/virtual/2020/protected/poster_18064d61b6f93dab8681a460779b8429.html}
}
@article{dziugaite2020search,
  title={In search of robust measures of generalization},
  author={Dziugaite, Gintare Karolina and Drouin, Alexandre and Neal, Brady and Rajkumar, Nitarshan and Caballero, Ethan and Wang, Linbo and Mitliagkas, Ioannis and Roy, Daniel M},
  journal={Advances in Neural Information Processing Systems},
  volume={33},
  year={2020},
  posterurl={https://neurips.cc/virtual/2020/protected/poster_86d7c8a08b4aaa1bc7c599473f5dddda.html}
}
@article{maennel2020neural,
  title={What Do Neural Networks Learn When Trained With Random Labels?},
  author={Maennel, Hartmut and Alabdulmohsin, Ibrahim M and Tolstikhin, Ilya O and Baldock, Robert and Bousquet, Olivier and Gelly, Sylvain and Keysers, Daniel},
  journal={Advances in Neural Information Processing Systems},
  volume={33},
  year={2020},
  posterurl={https://neurips.cc/virtual/2020/protected/poster_e4191d610537305de1d294adb121b513.html}
}
@article{kim2020active,
  title={Active world model learning in agent-rich environments with progress curiosity},
  author={Kim, Kun Ho},
  journal={Proceedings of ICML 2020},
  year={2020},
  posterurl={https://icml.cc/virtual/2020/poster/6064}
}
@inproceedings{abbas2020selective,
  title={Selective Dyna-style planning under limited model capacity},
  author={Abbas, Zaheer and Sokota, Samuel and Talvitie, Erin and White, Martha},
  booktitle={International Conference on Machine Learning},
  pages={1--10},
  year={2020},
  organization={PMLR},
  posterurl={https://icml.cc/virtual/2020/poster/6672}
}
@inproceedings{nair2020goal,
  title={Goal-aware prediction: Learning to model what matters},
  author={Nair, Suraj and Savarese, Silvio and Finn, Chelsea},
  booktitle={International Conference on Machine Learning},
  pages={7207--7219},
  year={2020},
  organization={PMLR},
  posterurl={https://icml.cc/virtual/2020/poster/6271}
}
@misc{rajeswaran2020game,
      title={A Game Theoretic Framework for Model Based Reinforcement Learning}, 
      author={Aravind Rajeswaran and Igor Mordatch and Vikash Kumar},
      year={2020},
      eprint={2004.07804},
      archivePrefix={arXiv},
      primaryClass={cs.LG},
      posterurl={https://icml.cc/virtual/2020/poster/6314}
}
@inproceedings{tirinzoni2020sequential,
  title={Sequential transfer in reinforcement learning with a generative model},
  author={Tirinzoni, Andrea and Poiani, Riccardo and Restelli, Marcello},
  booktitle={International Conference on Machine Learning},
  pages={9481--9492},
  year={2020},
  organization={PMLR},
  posterurl={https://icml.cc/virtual/2020/poster/6567}
}
@inproceedings{lin2020improving,
  title={Improving Generative Imagination in Object-Centric World Models},
  author={Lin, Zhixuan and Wu, Yi-Fu and Peri, Skand and Fu, Bofeng and Jiang, Jindong and Ahn, Sungjin},
  booktitle={International Conference on Machine Learning},
  pages={6140--6149},
  year={2020},
  organization={PMLR},
  posterurl={https://icml.cc/virtual/2020/poster/6582}
}
@article{ayoub2020model,
  title={Model-Based Reinforcement Learning with Value-Targeted Regression},
  author={Ayoub, Alex and Jia, Zeyu and Szepesvari, Csaba and Wang, Mengdi and Yang, Lin F},
  journal={arXiv preprint arXiv:2006.01107},
  year={2020},
  posterurl={https://icml.cc/virtual/2020/poster/6705}
}
@inproceedings{lai2020bidirectional,
  title={Bidirectional Model-based Policy Optimization},
  author={Lai, Hang and Shen, Jian and Zhang, Weinan and Yu, Yong},
  booktitle={International Conference on Machine Learning},
  pages={5618--5627},
  year={2020},
  organization={PMLR},
  posterurl={https://icml.cc/virtual/2020/poster/6797}
}
@article{sekar2020planning,
  title={Planning to Explore via Self-Supervised World Models},
  author={Sekar, Ramanan and Rybkin, Oleh and Daniilidis, Kostas and Abbeel, Pieter and Hafner, Danijar and Pathak, Deepak},
  journal={arXiv preprint arXiv:2005.05960},
  year={2020},
  posterurl={https://icml.cc/virtual/2020/poster/6556}
}
@inproceedings{amit2020discount,
  title={Discount Factor as a Regularizer in Reinforcement Learning},
  author={Amit, Ron and Meir, Ron and Ciosek, Kamil},
  booktitle={International Conference on Machine Learning},
  pages={269--278},
  year={2020},
  organization={PMLR},
  posterurl={https://icml.cc/virtual/2020/poster/6021}
}
@inproceedings{jordan2020evaluating,
  title={Evaluating the Performance of Reinforcement Learning Algorithms},
  author={Jordan, Scott and Chandak, Yash and Cohen, Daniel and Zhang, Mengxue and Thomas, Philip},
  booktitle={International Conference on Machine Learning},
  pages={4962--4973},
  year={2020},
  organization={PMLR},
  posterurl={https://icml.cc/virtual/2020/poster/6301}
}
@inproceedings{ghosh2020representations,
  title={Representations for Stable Off-Policy Reinforcement Learning},
  author={Ghosh, Dibya and Bellemare, Marc G},
  booktitle={International Conference on Machine Learning},
  pages={3556--3565},
  year={2020},
  organization={PMLR},
  posterurl={https://icml.cc/virtual/2020/poster/6666}
}
@inproceedings{ghiassian2020gradient,
  title={Gradient Temporal-Difference Learning with Regularized Corrections},
  author={Ghiassian, Sina and Patterson, Andrew and Garg, Shivam and Gupta, Dhawal and White, Adam and White, Martha},
  booktitle={International Conference on Machine Learning},
  pages={3524--3534},
  year={2020},
  organization={PMLR},
  posterurl={https://icml.cc/virtual/2020/poster/6067}
}
@inproceedings{sakryukin2020inferring,
  title={Inferring DQN structure for high-dimensional continuous control},
  author={Sakryukin, Andrey and Ra{\"\i}ssi, Chedy and Kankanhalli, Mohan},
  booktitle={International Conference on Machine Learning},
  pages={8408--8416},
  year={2020},
  organization={PMLR},
  posterurl={https://icml.cc/virtual/2020/poster/6740}
}
@article{lee2020context,
  title={Context-aware Dynamics Model for Generalization in Model-Based Reinforcement Learning},
  author={Lee, Kimin and Seo, Younggyo and Lee, Seunghyun and Lee, Honglak and Shin, Jinwoo},
  journal={arXiv preprint arXiv:2005.06800},
  year={2020},
  posterurl={https://icml.cc/virtual/2020/poster/6363}
}
@inproceedings{zheng2020can,
  title={What Can Learned Intrinsic Rewards Capture?},
  author={Zheng, Zeyu and Oh, Junhyuk and Hessel, Matteo and Xu, Zhongwen and Kroiss, Manuel and Van Hasselt, Hado and Silver, David and Singh, Satinder},
  booktitle={International Conference on Machine Learning},
  pages={11436--11446},
  year={2020},
  organization={PMLR},
  posterurl={https://icml.cc/virtual/2020/poster/6150}
}
@article{ota2020can,
  title={Can Increasing Input Dimensionality Improve Deep Reinforcement Learning?},
  author={Ota, Kei and Oiki, Tomoaki and Jha, Devesh K and Mariyama, Toshisada and Nikovski, Daniel},
  journal={arXiv preprint arXiv:2003.01629},
  year={2020},
  posterurl={https://icml.cc/virtual/2020/poster/6387}
}
@article{wang2020long,
  title={Is Long Horizon RL More Difficult Than Short Horizon RL?},
  author={Wang, Ruosong and Du, Simon S and Yang, Lin and Kakade, Sham},
  journal={Advances in Neural Information Processing Systems},
  volume={33},
  year={2020},
  posterurl={https://neurips.cc/virtual/2020/protected/poster_6734fa703f6633ab896eecbdfad8953a.html}
}
@article{lin2020model,
  title={Model-based Adversarial Meta-Reinforcement Learning},
  author={Lin, Zichuan and Thomas, Garrett and Yang, Guangwen and Ma, Tengyu},
  journal={Advances in Neural Information Processing Systems},
  volume={33},
  year={2020},
  posterurl={https://neurips.cc/virtual/2020/protected/poster_73634c1dcbe056c1f7dcf5969da406c8.html}
}
@article{turner2020avoiding,
  title={Avoiding Side Effects in Complex Environments},
  author={Turner, Alexander Matt and Ratzlaff, Neale and Tadepalli, Prasad},
  journal={arXiv preprint arXiv:2006.06547},
  year={2020},
  posterurl={https://neurips.cc/virtual/2020/protected/poster_f50a6c02a3fc5a3a5d4d9391f05f3efc.html}
}
@article{li2020generalized,
  title={Generalized Hindsight for Reinforcement Learning},
  author={Li, Alexander C and Pinto, Lerrel and Abbeel, Pieter},
  journal={arXiv preprint arXiv:2002.11708},
  year={2020},
  posterurl={https://neurips.cc/virtual/2020/protected/poster_57e5cb96e22546001f1d6520ff11d9ba.html}
}
@article{kumar2020conservative,
  title={Conservative Q-Learning for Offline Reinforcement Learning},
  author={Kumar, Aviral and Zhou, Aurick and Tucker, George and Levine, Sergey},
  journal={arXiv preprint arXiv:2006.04779},
  year={2020},
  posterurl={https://neurips.cc/virtual/2020/protected/poster_0d2b2061826a5df3221116a5085a6052.html}
}
@article{wang2020improving,
  title={Improving Generalization in Reinforcement Learning with Mixture Regularization},
  author={Wang, Kaixin and Kang, Bingyi and Shao, Jie and Feng, Jiashi},
  journal={Advances in Neural Information Processing Systems},
  volume={33},
  year={2020},
  posterurl={https://neurips.cc/virtual/2020/protected/poster_5a751d6a0b6ef05cfe51b86e5d1458e6.html}
}
@article{laskin2020reinforcement,
  title={Reinforcement Learning with Augmented Data},
  author={Laskin, Michael and Lee, Kimin and Stooke, Adam and Pinto, Lerrel and Abbeel, Pieter and Srinivas, Aravind},
  journal={arXiv preprint arXiv:2004.14990},
  year={2020},
  posterurl={https://neurips.cc/virtual/2020/protected/poster_e615c82aba461681ade82da2da38004a.html}
}
@article{neyshabur2020being,
  title={What is being transferred in transfer learning?},
  author={Neyshabur, Behnam and Sedghi, Hanie and Zhang, Chiyuan},
  journal={Advances in Neural Information Processing Systems},
  volume={33},
  year={2020},
  posterurl={https://neurips.cc/virtual/2020/protected/poster_0607f4c705595b911a4f3e7a127b44e0.html}
}
@article{eysenbach2020rewriting,
  title={Rewriting History with Inverse RL: Hindsight Inference for Policy Improvement},
  author={Eysenbach, Benjamin and Geng, Xinyang and Levine, Sergey and Salakhutdinov, Ruslan},
  journal={arXiv preprint arXiv:2002.11089},
  year={2020},
  posterurl={https://neurips.cc/virtual/2020/protected/poster_a97da629b098b75c294dffdc3e463904.html}
}
@article{yang2020closer,
  title={A closer look at accuracy vs. robustness},
  author={Yang, Yao-Yuan and Rashtchian, Cyrus and Zhang, Hongyang and Salakhutdinov, Russ R and Chaudhuri, Kamalika},
  journal={Advances in Neural Information Processing Systems},
  volume={33},
  year={2020},
  posterurl={https://neurips.cc/virtual/2020/protected/poster_61d77652c97ef636343742fc3dcf3ba9.html}
}
@article{wu2020adversarial,
  title={Adversarial Weight Perturbation Helps Robust Generalization},
  author={Wu, Dongxian and Xia, Shu-Tao and Wang, Yisen},
  journal={Advances in Neural Information Processing Systems},
  volume={33},
  year={2020},
  posterurl={https://neurips.cc/virtual/2020/protected/poster_1ef91c212e30e14bf125e9374262401f.html}
}
@article{ghorbani2020neural,
  title={When do neural networks outperform kernel methods?},
  author={Ghorbani, Behrooz and Mei, Song and Misiakiewicz, Theodor and Montanari, Andrea},
  journal={Advances in Neural Information Processing Systems},
  volume={33},
  year={2020},
  posterurl={https://neurips.cc/virtual/2020/protected/poster_a9df2255ad642b923d95503b9a7958d8.html}
}
@article{adlam2020understanding,
  title={Understanding Double Descent Requires a Fine-Grained Bias-Variance Decomposition},
  author={Adlam, Ben and Pennington, Jeffrey},
  journal={Advances in Neural Information Processing Systems},
  volume={33},
  year={2020},
  posterurl={https://neurips.cc/virtual/2020/protected/poster_7d420e2b2939762031eed0447a9be19f.html}
}
@article{nguyen2020momentumrnn,
  title={MomentumRNN: Integrating Momentum into Recurrent Neural Networks},
  author={Nguyen, Tan and Baraniuk, Richard and Bertozzi, Andrea and Osher, Stanley and Wang, Bao},
  journal={Advances in Neural Information Processing Systems},
  volume={33},
  year={2020},
  posterurl={https://neurips.cc/virtual/2020/protected/poster_149ef6419512be56a93169cd5e6fa8fd.html}
}
@article{lacoste2020synbols,
  title={Synbols: Probing learning algorithms with synthetic datasets},
  author={Lacoste, Alexandre and Rodr{\'\i}guez L{\'o}pez, Pau and Branchaud-Charron, Fr{\'e}d{\'e}ric and Atighehchian, Parmida and Caccia, Massimo and Laradji, Issam Hadj and Drouin, Alexandre and Craddock, Matthew and Charlin, Laurent and V{\'a}zquez, David},
  journal={Advances in Neural Information Processing Systems},
  volume={33},
  year={2020},
  posterurl={https://neurips.cc/virtual/2020/protected/poster_0169cf885f882efd795951253db5cdfb.html}
}
@article{du2020ave,
  title={AvE: Assistance via Empowerment},
  author={Du, Yuqing and Tiomkin, Stas and Kiciman, Emre and Polani, Daniel and Abbeel, Pieter and Dragan, Anca},
  journal={Advances in Neural Information Processing Systems},
  volume={33},
  year={2020},
  posterurl={https://neurips.cc/virtual/2020/protected/poster_30de9ece7cf3790c8c39ccff1a044209.html}
}
@article{yau2020did,
  title={What Did You Think Would Happen? Explaining Agent Behaviour through Intended Outcomes},
  author={Yau, Herman Ho-Man and Russell, Chris and Hadfield, Simon},
  journal={Advances in Neural Information Processing Systems},
  volume={33},
  year={2020},
  posterurl={https://neurips.cc/virtual/2020/protected/poster_d5ab8dc7ef67ca92e41d730982c5c602.html}
}
@article{shah2020pitfalls,
  title={The pitfalls of simplicity bias in neural networks},
  author={Shah, Harshay and Tamuly, Kaustav and Raghunathan, Aditi and Jain, Prateek and Netrapalli, Praneeth},
  journal={Advances in Neural Information Processing Systems},
  volume={33},
  year={2020},
  posterurl={https://neurips.cc/virtual/2020/protected/poster_6cfe0e6127fa25df2a0ef2ae1067d915.html}
}
@article{paulus2020gradient,
  title={Gradient estimation with stochastic softmax tricks},
  author={Paulus, Max and Choi, Dami and Tarlow, Daniel and Krause, Andreas and Maddison, Chris J},
  journal={Advances in Neural Information Processing Systems},
  volume={33},
  year={2020},
  posterurl={https://neurips.cc/virtual/2020/protected/poster_3df80af53dce8435cf9ad6c3e7a403fd.html}
}
@article{jeyakumar2020can,
  title={How Can I Explain This to You? An Empirical Study of Deep Neural Network Explanation Methods},
  author={Jeyakumar, Jeya Vikranth and Noor, Joseph and Cheng, Yu-Hsi and Garcia, Luis and Srivastava, Mani},
  journal={Advances in Neural Information Processing Systems},
  volume={33},
  year={2020},
  posterurl={https://neurips.cc/virtual/2020/protected/poster_2c29d89cc56cdb191c60db2f0bae796b.html}
}
@article{mirzadeh2020understanding,
  title={Understanding the role of training regimes in continual learning},
  author={Mirzadeh, Seyed Iman and Farajtabar, Mehrdad and Pascanu, Razvan and Ghasemzadeh, Hassan},
  journal={Advances in Neural Information Processing Systems},
  volume={33},
  year={2020},
  posterurl={https://neurips.cc/virtual/2020/protected/poster_518a38cc9a0173d0b2dc088166981cf8.html}
}
@article{lee2020neural,
  title={Neural Complexity Measures},
  author={Lee, Yoonho and Lee, Juho and Hwang, Sung Ju and Yang, Eunho and Choi, Seungjin},
  journal={Advances in Neural Information Processing Systems},
  volume={33},
  year={2020},
  posterurl={https://neurips.cc/virtual/2020/protected/poster_6e17a5fd135fcaf4b49f2860c2474c7c.html}
}
@article{lewkowycz2020training,
  title={On the training dynamics of deep networks with $ L\_2 $ regularization},
  author={Lewkowycz, Aitor and Gur-Ari, Guy},
  journal={Advances in Neural Information Processing Systems},
  volume={33},
  year={2020},
  posterurl={https://neurips.cc/virtual/2020/protected/poster_32fcc8cfe1fa4c77b5c58dafd36d1a98.html}
}
@article{klissarov2020reward,
  title={Reward Propagation Using Graph Convolutional Networks},
  author={Klissarov, Martin and Precup, Doina},
  journal={Advances in Neural Information Processing Systems},
  volume={33},
  year={2020},
  posterurl={https://neurips.cc/virtual/2020/protected/poster_970627414218ccff3497cb7a784288f5.html}
}
@article{razin2020implicit,
  title={Implicit Regularization in Deep Learning May Not Be Explainable by Norms},
  author={Razin, Noam and Cohen, Nadav},
  journal={arXiv preprint arXiv:2005.06398},
  year={2020},
  posterurl={https://neurips.cc/virtual/2020/protected/poster_f21e255f89e0f258accbe4e984eef486.html}
}
@article{guez2020value,
  title={Value-driven Hindsight Modelling},
  author={Guez, Arthur and Viola, Fabio and Weber, Th{\'e}ophane and Buesing, Lars and Kapturowski, Steven and Precup, Doina and Silver, David and Heess, Nicolas},
  journal={arXiv preprint arXiv:2002.08329},
  year={2020},
  posterurl={https://neurips.cc/virtual/2020/protected/poster_9381fc93ad66f9ec4b2eef71147a6665.html}
}
@article{oh2020discovering,
  title={Discovering reinforcement learning algorithms},
  author={Oh, Junhyuk and Hessel, Matteo and Czarnecki, Wojciech M and Xu, Zhongwen and van Hasselt, Hado P and Singh, Satinder and Silver, David},
  journal={Advances in Neural Information Processing Systems},
  volume={33},
  year={2020},
  posterurl={https://neurips.cc/virtual/2020/protected/poster_0b96d81f0494fde5428c7aea243c9157.html}
}
@article{grill2020bootstrap,
  title={Bootstrap your own latent-a new approach to self-supervised learning},
  author={Grill, Jean-Bastien and Strub, Florian and Altch{\'e}, Florent and Tallec, Corentin and Richemond, Pierre and Buchatskaya, Elena and Doersch, Carl and Avila Pires, Bernardo and Guo, Zhaohan and Gheshlaghi Azar, Mohammad and others},
  journal={Advances in Neural Information Processing Systems},
  volume={33},
  year={2020},
  posterurl={https://neurips.cc/virtual/2020/protected/poster_f3ada80d5c4ee70142b17b8192b2958e.html}
}
@article{xu2020meta,
  title={Meta-gradient reinforcement learning with an objective discovered online},
  author={Xu, Zhongwen and van Hasselt, Hado P and Hessel, Matteo and Oh, Junhyuk and Singh, Satinder and Silver, David},
  journal={Advances in Neural Information Processing Systems},
  volume={33},
  year={2020},
  posterurl={https://neurips.cc/virtual/2020/protected/poster_ae3d525daf92cee0003a7f2d92c34ea3.html}
}
@article{zhang2020automatic,
  title={Automatic curriculum learning through value disagreement},
  author={Zhang, Yunzhi and Abbeel, Pieter and Pinto, Lerrel},
  journal={Advances in Neural Information Processing Systems},
  volume={33},
  year={2020},
  posterurl={https://neurips.cc/virtual/2020/protected/poster_566f0ea4f6c2e947f36795c8f58ba901.html}
}
@article{mu2020compositional,
  title={Compositional explanations of neurons},
  author={Mu, Jesse and Andreas, Jacob},
  journal={Advances in Neural Information Processing Systems},
  volume={33},
  year={2020},
  posterurl={https://neurips.cc/virtual/2020/protected/poster_c74956ffb38ba48ed6ce977af6727275.html}
}
@article{ash2020warm,
  title={On Warm-Starting Neural Network Training},
  author={Ash, Jordan and Adams, Ryan P},
  journal={Advances in Neural Information Processing Systems},
  volume={33},
  year={2020},
  posterurl={https://neurips.cc/virtual/2020/protected/poster_288cd2567953f06e460a33951f55daaf.html}
}
@article{charlesworth2020plangan,
  title={PlanGAN: Model-based Planning With Sparse Rewards and Multiple Goals},
  author={Charlesworth, Henry and Montana, Giovanni},
  journal={arXiv preprint arXiv:2006.00900},
  year={2020},
  posterurl={https://neurips.cc/virtual/2020/protected/poster_6101903146e4bbf4999c449d78441606.html}
}
@article{vieillard2020munchausen,
  title={Munchausen reinforcement learning},
  author={Vieillard, Nino and Pietquin, Olivier and Geist, Matthieu},
  journal={Advances in Neural Information Processing Systems},
  volume={33},
  year={2020},
  posterurl={https://neurips.cc/virtual/2020/protected/poster_2c6a0bae0f071cbbf0bb3d5b11d90a82.html}
}
@article{ermolov2020latent,
  title={Latent World Models For Intrinsically Motivated Exploration},
  author={Ermolov, Aleksandr and Sebe, Nicu},
  journal={Advances in Neural Information Processing Systems},
  volume={33},
  year={2020},
  posterurl={https://neurips.cc/virtual/2020/protected/poster_3c09bb10e2189124fdd8f467cc8b55a7.html}
}
@article{kuttler2020nethack,
  title={The nethack learning environment},
  author={K{\"u}ttler, Heinrich and Nardelli, Nantas and Miller, Alexander and Raileanu, Roberta and Selvatici, Marco and Grefenstette, Edward and Rockt{\"a}schel, Tim},
  journal={Advances in Neural Information Processing Systems},
  volume={33},
  year={2020},
  posterurl={https://neurips.cc/virtual/2020/protected/poster_569ff987c643b4bedf504efda8f786c2.html}
}
@article{zhou2020towards,
  title={Towards Theoretically Understanding Why SGD Generalizes Better Than ADAM in Deep Learning},
  author={Zhou, Pan and Feng, Jiashi and Ma, Chao and Xiong, Caiming and Hoi, Steven Chu Hong and others},
  journal={Advances in Neural Information Processing Systems},
  volume={33},
  year={2020},
  posterurl={https://neurips.cc/virtual/2020/protected/poster_f3f27a324736617f20abbf2ffd806f6d.html}
}
@article{pruthi2020estimating,
  title={Estimating Training Data Influence by Tracing Gradient Descent},
  author={Pruthi, Garima and Liu, Frederick and Kale, Satyen and Sundararajan, Mukund},
  journal={Advances in Neural Information Processing Systems},
  volume={33},
  year={2020},
  posterurl={https://neurips.cc/virtual/2020/protected/poster_e6385d39ec9394f2f3a354d9d2b88eec.html}
}
@article{lee2020predictive,
  title={Predictive information accelerates learning in rl},
  author={Lee, Kuang-Huei and Fischer, Ian and Liu, Anthony and Guo, Yijie and Lee, Honglak and Canny, John and Guadarrama, Sergio},
  journal={Advances in Neural Information Processing Systems},
  volume={33},
  year={2020},
  posterurl={https://neurips.cc/virtual/2020/protected/poster_89b9e0a6f6d1505fe13dea0f18a2dcfa.html}
}
@article{fort2020deep,
  title={Deep learning versus kernel learning: an empirical study of loss landscape geometry and the time evolution of the Neural Tangent Kernel},
  author={Fort, Stanislav and Dziugaite, Gintare Karolina and Paul, Mansheej and Kharaghani, Sepideh and Roy, Daniel M and Ganguli, Surya},
  journal={Advances in Neural Information Processing Systems},
  volume={33},
  year={2020},
  posterurl={https://neurips.cc/virtual/2020/protected/poster_405075699f065e43581f27d67bb68478.html}
}
@misc{locatello2018challenging,
    title={Challenging Common Assumptions in the Unsupervised Learning of Disentangled Representations},
    author={Francesco Locatello and Stefan Bauer and Mario Lucic and Gunnar Rätsch and Sylvain Gelly and Bernhard Schölkopf and Olivier Bachem},
    year={2018},
    eprint={1811.12359},
    archivePrefix={arXiv},
    primaryClass={cs.LG}
}
@misc{bordelon2020spectrum,
    title={Spectrum Dependent Learning Curves in Kernel Regression and Wide Neural Networks},
    author={Blake Bordelon and Abdulkadir Canatar and Cengiz Pehlevan},
    year={2020},
    eprint={2002.02561},
    archivePrefix={arXiv},
    primaryClass={cs.LG}
}
@inproceedings{
li2021solving,
title={Solving Compositional Reinforcement Learning Problems via Task Reduction},
author={Yunfei Li and Yilin Wu and Huazhe Xu and Xiaolong Wang and Yi Wu},
booktitle={International Conference on Learning Representations},
year={2021},
url={https://openreview.net/forum?id=9SS69KwomAM}
}
@inproceedings{
dittadi2021on,
title={On the Transfer of Disentangled Representations in Realistic Settings},
author={Andrea Dittadi and Frederik Tr{\"a}uble and Francesco Locatello and Manuel Wuthrich and Vaibhav Agrawal and Ole Winther and Stefan Bauer and Bernhard Sch{\"o}lkopf},
booktitle={International Conference on Learning Representations},
year={2021},
url={https://openreview.net/forum?id=8VXvj1QNRl1}
}
@inproceedings{
chen2021randomized,
title={Randomized Ensembled Double Q-Learning: Learning Fast Without a Model},
author={Xinyue Chen and Che Wang and Zijian Zhou and Keith W. Ross},
booktitle={International Conference on Learning Representations},
year={2021},
url={https://openreview.net/forum?id=AY8zfZm0tDd}
}
@inproceedings{
dabney2021temporallyextended,
title={Temporally-Extended {\ensuremath{\varepsilon}}-Greedy Exploration},
author={Will Dabney and Georg Ostrovski and Andre Barreto},
booktitle={International Conference on Learning Representations},
year={2021},
url={https://openreview.net/forum?id=ONBPHFZ7zG4}
}
@inproceedings{
zhang2021learning,
title={Learning Invariant Representations for Reinforcement Learning without Reconstruction},
author={Amy Zhang and Rowan Thomas McAllister and Roberto Calandra and Yarin Gal and Sergey Levine},
booktitle={International Conference on Learning Representations},
year={2021},
url={https://openreview.net/forum?id=-2FCwDKRREu}
}
@inproceedings{
saha2021gradient,
title={Gradient Projection Memory for Continual Learning},
author={Gobinda Saha and Isha Garg and Kaushik Roy},
booktitle={International Conference on Learning Representations},
year={2021},
url={https://openreview.net/forum?id=3AOj0RCNC2}
}
@inproceedings{
igl2021transient,
title={Transient Non-stationarity and Generalisation in Deep Reinforcement Learning},
author={Maximilian Igl and Gregory Farquhar and Jelena Luketina and Wendelin Boehmer and Shimon Whiteson},
booktitle={International Conference on Learning Representations},
year={2021},
url={https://openreview.net/forum?id=Qun8fv4qSby}
}
@inproceedings{
smith2021on,
title={On the Origin of Implicit Regularization in Stochastic Gradient Descent},
author={Samuel L Smith and Benoit Dherin and David Barrett and Soham De},
booktitle={International Conference on Learning Representations},
year={2021},
url={https://openreview.net/forum?id=rq_Qr0c1Hyo}
}
@inproceedings{
zha2021rank,
title={Rank the Episodes: A Simple Approach for Exploration in Procedurally-Generated Environments},
author={Daochen Zha and Wenye Ma and Lei Yuan and Xia Hu and Ji Liu},
booktitle={International Conference on Learning Representations},
year={2021},
url={https://openreview.net/forum?id=MtEE0CktZht}
}
@inproceedings{
dery2021auxiliary,
title={{\{}AUXILIARY{\}} {\{}TASK{\}} {\{}UPDATE{\}} {\{}DECOMPOSITION{\}}: {\{}THE{\}} {\{}GOOD{\}}, {\{}THE{\}} {\{}BAD{\}} {\{}AND{\}} {\{}THE{\}} {\{}NEUTRAL{\}}},
author={Lucio M. Dery and Yann Dauphin and David Grangier},
booktitle={International Conference on Learning Representations},
year={2021},
url={https://openreview.net/forum?id=1GTma8HwlYp}
}
@inproceedings{
liu2021returnbased,
title={Return-Based Contrastive Representation Learning for Reinforcement  Learning},
author={Guoqing Liu and Chuheng Zhang and Li Zhao and Tao Qin and Jinhua Zhu and Li Jian and Nenghai Yu and Tie-Yan Liu},
booktitle={International Conference on Learning Representations},
year={2021},
url={https://openreview.net/forum?id=_TM6rT7tXke}
}
@article{gamba2022all,
  title={Are All Linear Regions Created Equal?},
  author={Gamba, Matteo and Chmielewski-Anders, Adrian and Sullivan, Josephine and Azizpour, Hossein and Bj{\"o}rkman, M{\aa}rten},
  journal={arXiv preprint arXiv:2202.11749},
  year={2022}
}
@inproceedings{jin2020multi,
  title={Multi-objective molecule generation using interpretable substructures},
  author={Jin, Wengong and Barzilay, Regina and Jaakkola, Tommi},
  booktitle={International conference on machine learning},
  pages={4849--4859},
  year={2020},
  organization={PMLR}
}
@inproceedings{ahn2021spanning,
  title={Spanning tree-based graph generation for molecules},
  author={Ahn, Sungsoo and Chen, Binghong and Wang, Tianzhe and Song, Le},
  booktitle={International Conference on Learning Representations},
  year={2021},
  posterurl={https://iclr.cc/virtual/2022/poster/6001}
}
@inproceedings{
zhang2022on,
title={On Predicting Generalization using {GAN}s},
author={Yi Zhang and Arushi Gupta and Nikunj Saunshi and Sanjeev Arora},
booktitle={International Conference on Learning Representations},
year={2022},
url={https://openreview.net/forum?id=eW5R4Cek6y6},
posterurl={https://iclr.cc/virtual/2022/poster/6778}
}
@inproceedings{
kostrikov2022offline,
title={Offline Reinforcement Learning with Implicit Q-Learning},
author={Ilya Kostrikov and Ashvin Nair and Sergey Levine},
booktitle={International Conference on Learning Representations},
year={2022},
url={https://openreview.net/forum?id=68n2s9ZJWF8},
posterurl={https://iclr.cc/virtual/2022/poster/5941}
}
@article{yang2019generalized,
  title={A generalized algorithm for multi-objective reinforcement learning and policy adaptation},
  author={Yang, Runzhe and Sun, Xingyuan and Narasimhan, Karthik},
  journal={Advances in Neural Information Processing Systems},
  volume={32},
  url={https://arxiv.org/abs/1908.08342},
  year={2019}
}
@article{bengio2021flow,
  title={Flow network based generative models for non-iterative diverse candidate generation},
  author={Bengio, Emmanuel and Jain, Moksh and Korablyov, Maksym and Precup, Doina and Bengio, Yoshua},
  journal={Advances in Neural Information Processing Systems},
  volume={34},
  pages={27381--27394},
  url={https://arxiv.org/abs/2106.04399},
  year={2021}
}
@article{bengio2021gflownet,
  title={Gflownet foundations},
  author={Bengio, Yoshua and Deleu, Tristan and Hu, Edward J and Lahlou, Salem and Tiwari, Mo and Bengio, Emmanuel},
  journal={arXiv preprint arXiv:2111.09266},
  url={https://arxiv.org/abs/2111.09266},
  year={2021}
}