@inproceedings{
malkin2022trajectory,
title={Trajectory balance: Improved credit assignment in {GF}lowNets},
author={Nikolay Malkin and Moksh Jain and Emmanuel Bengio and Chen Sun and Yoshua Bengio},
booktitle={Advances in Neural Information Processing Systems},
editor={Alice H. Oh and Alekh Agarwal and Danielle Belgrave and Kyunghyun Cho},
year={2022},
url={https://openreview.net/forum?id=5btWTw1vcw1}
}
@inproceedings{
braun2022exact,
title={Exact learning dynamics of deep linear networks with prior knowledge},
author={Lukas Braun and Cl{\'e}mentine Carla Juliette Domin{\'e} and James E Fitzgerald and Andrew M Saxe},
booktitle={Advances in Neural Information Processing Systems},
editor={Alice H. Oh and Alekh Agarwal and Danielle Belgrave and Kyunghyun Cho},
year={2022},
url={https://openreview.net/forum?id=lJx2vng-KiC},
posterurl={https://neurips.cc/virtual/2022/poster/52896}
}
@inproceedings{
meier2022openended,
title={Open-Ended Reinforcement Learning with Neural Reward Functions},
author={Robert Meier and Asier Mujika},
booktitle={Advances in Neural Information Processing Systems},
editor={Alice H. Oh and Alekh Agarwal and Danielle Belgrave and Kyunghyun Cho},
year={2022},
url={https://openreview.net/forum?id=NL05_JGVg99}
}
@inproceedings{
hetzel2022predicting,
title={Predicting Cellular Responses to Novel Drug Perturbations at a Single-Cell Resolution},
author={Leon Hetzel and Simon Boehm and Niki Kilbertus and Stephan G{\"u}nnemann and Mohammad Lotfollahi and Fabian J Theis},
booktitle={Advances in Neural Information Processing Systems},
editor={Alice H. Oh and Alekh Agarwal and Danielle Belgrave and Kyunghyun Cho},
year={2022},
url={https://openreview.net/forum?id=vRrFVHxFiXJ}
}
@inproceedings{
manek2022the,
title={The Pitfalls of Regularization in Off-Policy {TD} Learning},
author={Gaurav Manek and J Zico Kolter},
booktitle={Advances in Neural Information Processing Systems},
editor={Alice H. Oh and Alekh Agarwal and Danielle Belgrave and Kyunghyun Cho},
year={2022},
url={https://openreview.net/forum?id=vK53GLZJes8}
}
@inproceedings{
vardi2022gradient,
title={Gradient Methods Provably Converge to Non-Robust Networks},
author={Gal Vardi and Gilad Yehudai and Ohad Shamir},
booktitle={Advances in Neural Information Processing Systems},
editor={Alice H. Oh and Alekh Agarwal and Danielle Belgrave and Kyunghyun Cho},
year={2022},
url={https://openreview.net/forum?id=XDZhagjfMP}
}
@inproceedings{
oyen2022robustness,
title={Robustness to Label Noise Depends on the Shape of the Noise Distribution},
author={Diane Oyen and Michal Kucer and Nick Hengartner and Har Simrat Singh},
booktitle={Advances in Neural Information Processing Systems},
editor={Alice H. Oh and Alekh Agarwal and Danielle Belgrave and Kyunghyun Cho},
year={2022},
url={https://openreview.net/forum?id=AlpR6dzKjfy}
}
@inproceedings{
arumugam2022deciding,
title={Deciding What to Model: Value-Equivalent Sampling for Reinforcement Learning},
author={Dilip Arumugam and Benjamin Van Roy},
booktitle={Advances in Neural Information Processing Systems},
editor={Alice H. Oh and Alekh Agarwal and Danielle Belgrave and Kyunghyun Cho},
year={2022},
url={https://openreview.net/forum?id=fORXbIlTELP}
}

@inproceedings{
schaul2022the,
title={The Phenomenon of Policy Churn},
author={Tom Schaul and Andre Barreto and John Quan and Georg Ostrovski},
booktitle={Advances in Neural Information Processing Systems},
editor={Alice H. Oh and Alekh Agarwal and Danielle Belgrave and Kyunghyun Cho},
year={2022},
url={https://openreview.net/forum?id=qTCiw1frE_l},
posterurl={https://neurips.cc/virtual/2022/poster/54098}
}
@inproceedings{
aamand2022exponentially,
title={Exponentially Improving the Complexity of Simulating the Weisfeiler-Lehman Test with Graph Neural Networks},
author={Anders Aamand and Justin Y Chen and Piotr Indyk and Shyam Narayanan and Ronitt Rubinfeld and Nicholas Schiefer and Sandeep Silwal and Tal Wagner},
booktitle={Advances in Neural Information Processing Systems},
editor={Alice H. Oh and Alekh Agarwal and Danielle Belgrave and Kyunghyun Cho},
year={2022},
url={https://openreview.net/forum?id=AyGJDpN2eR6}
}
@inproceedings{
zhou2022dataset,
title={Dataset Distillation using Neural Feature Regression},
author={Yongchao Zhou and Ehsan Nezhadarya and Jimmy Ba},
booktitle={Advances in Neural Information Processing Systems},
editor={Alice H. Oh and Alekh Agarwal and Danielle Belgrave and Kyunghyun Cho},
year={2022},
url={https://openreview.net/forum?id=2clwrA2tfik},
posterurl={https://neurips.cc/virtual/2022/poster/53822}
}
@inproceedings{
vincent-cuaz2022template,
title={Template based Graph Neural Network with Optimal Transport Distances},
author={C{\'e}dric Vincent-Cuaz and R{\'e}mi Flamary and Marco Corneli and Titouan Vayer and Nicolas Courty},
booktitle={Advances in Neural Information Processing Systems},
editor={Alice H. Oh and Alekh Agarwal and Danielle Belgrave and Kyunghyun Cho},
year={2022},
url={https://openreview.net/forum?id=seYcx6CqPe},
posterurl={https://neurips.cc/virtual/2022/poster/53079}
}
@inproceedings{
zahirnia2022micro,
title={Micro and Macro Level Graph Modeling for Graph Variational Auto-Encoders},
author={Kiarash Zahirnia and Oliver Schulte and Parmis Naddaf and Ke Li},
booktitle={Advances in Neural Information Processing Systems},
editor={Alice H. Oh and Alekh Agarwal and Danielle Belgrave and Kyunghyun Cho},
year={2022},
url={https://openreview.net/forum?id=zUbMHIxszNp}
}
@inproceedings{
xie2022taskagnostic,
title={Task-Agnostic Graph Explanations},
author={Yaochen Xie and Sumeet Katariya and Xianfeng Tang and Edward W Huang and Nikhil Rao and Karthik Subbian and Shuiwang Ji},
booktitle={Advances in Neural Information Processing Systems},
editor={Alice H. Oh and Alekh Agarwal and Danielle Belgrave and Kyunghyun Cho},
year={2022},
url={https://openreview.net/forum?id=_sQ6pLNVHoh}
}
@inproceedings{
lu2022discovered,
title={Discovered Policy Optimisation},
author={Chris Lu and Jakub Grudzien Kuba and Alistair Letcher and Luke Metz and Christian Schroeder de Witt and Jakob Nicolaus Foerster},
booktitle={Advances in Neural Information Processing Systems},
editor={Alice H. Oh and Alekh Agarwal and Danielle Belgrave and Kyunghyun Cho},
year={2022},
url={https://openreview.net/forum?id=bVVIZjQ2AA}
}
@inproceedings{
kong2022endtoend,
title={End-to-end Stochastic Optimization with Energy-based Model},
author={Lingkai Kong and Jiaming Cui and Yuchen Zhuang and Rui Feng and B. Aditya Prakash and Chao Zhang},
booktitle={Advances in Neural Information Processing Systems},
editor={Alice H. Oh and Alekh Agarwal and Danielle Belgrave and Kyunghyun Cho},
year={2022},
url={https://openreview.net/forum?id=_sYOodxTMcF}
}
@inproceedings{
lotfi2022pacbayes,
title={{PAC}-Bayes Compression Bounds So Tight That They Can Explain Generalization},
author={Sanae Lotfi and Marc Anton Finzi and Sanyam Kapoor and Andres Potapczynski and Micah Goldblum and Andrew Gordon Wilson},
booktitle={Advances in Neural Information Processing Systems},
editor={Alice H. Oh and Alekh Agarwal and Danielle Belgrave and Kyunghyun Cho},
year={2022},
url={https://openreview.net/forum?id=o8nYuR8ekFm}
}